4522 5752
6 229 16 256 ·
121 253 237 329 ‘aas
608 221 615 241 ‘
728 238 1463 321 errsronanomrrn.v111.
1517 189 1650 318 scas.
1803 248 1813 269 ·
2135 244 2208 320 22⁴

163 433 209 504 ad
230 450 266 496 sc
287 417 430 497 trahens
445 410 640 490 Ecclesiam
656 412 802 502 Christi,
827 406 1049 508 unitatem⁶⁹)
1064 435 1163 482 rum-
1213 409 1340 485 Esaiae
1359 415 1392 488 1.
1443 411 1515 485 Sed
1530 425 1670 486 tantum
1683 425 1724 485 ut
1737 413 1809 487 sint
1823 413 2051 487 incitamenta
2074 410 2210 493 etreli-

163 542 271 628 peret.
328 517 635 614 InterEpiscopos
657 542 798 614 quoqne
823 517 993 610 cuiusque
1015 514 1162 607 provin-
1213 514 1340 586 nacula
1363 515 1521 607 pictatis,
1545 528 1587 588 ut
1611 515 1734 587 omnia
1754 515 1795 588 in
1808 512 1966 589 Ecclesia
1981 516 2058 610 pie,
2082 516 2211 589 decen·

170 636 244 706 ciae
264 650 358 700 unus
374 618 691 714 Archiepiscopus,
715 620 778 713 qui
800 631 836 690 et
850 616 1163 709 Metropolitanus,
1213 630 1289 701 ter,
1321 611 1468 687 honeste
1484 630 1521 690 et
1536 616 1664 688 ordine
1677 618 1764 689 finnt
1785 610 1976 693 tcoiintte
1988 614 2048 693 14.
2109 613 2210 706 Quae

167 753 203 808 et
227 733 320 802 inter
348 723 644 816 Metropolitanos
661 714 885 792 Patriarchae
912 742 974 788 seu
990 717 1163 787 Primates
1213 718 1300 790 tales
1328 741 1471 812 quoque
1495 732 1619 804 erunt,
1656 742 1703 790 ne
1727 720 1906 791 ullatenus
1927 718 1972 791 ab
1994 715 2210 810 Evangelica

166 829 351 908 constituti
366 841 467 913 sunt,
489 825 553 921 qui
564 811 671 894 initio
688 836 758 894 tres
771 833 910 892 tantum
925 819 1164 914 numeraban-
1213 818 1366 913 puritate
1387 830 1421 889 et
1435 818 1661 911 simplicitate
1675 820 1902 907 dissentiant,
1927 844 2017 892 neve
2041 821 2208 915 laqueum

165 956 245 1021 tur,
278 930 483 1013 Romanus,
514 920 779 1008 Antiochenses,
816 936 852 994 et
882 919 1159 1005 Alexandrinus,
1213 920 1438 992 conscientiis
1459 920 1641 1008 inficiant,
1681 936 1715 993 et
1736 918 1960 995 Christianae
1987 916 2086 992 nihil
2105 923 2209 993 dem·

166 1041 331 1131 Quorum
354 1029 540 1103 Romanus
560 1028 671 1098 veluti
688 1020 900 1097 Cathedram
913 1021 1011 1095 Petri
1031 1021 1163 1091 vicaria
1213 1035 1297 1114 gent
1312 1022 1478 1095 libertati.
1507 1020 1662 1098 toust.

167 1136 384 1215 successione
408 1130 593 1214 obtinens,
623 1127 760 1197 Primas
786 1124 962 1195 iudicatus
984 1138 1054 1209 est,
1088 1144 1163 1193 non
1292 1148 1476 1228 ‘Libertas
1492 1171 1609 1228 autem
1623 1150 1877 1228 Christianam
1895 1152 1964 1227 hoc
1985 1156 2209 1247 potissimum

167 1243 264 1339 quod
279 1235 449 1326 dignitate
465 1228 652 1301 sacerdotii
669 1241 822 1299 caeteros
836 1226 1076 1310 antecelleret,
1095 1226 1161 1294 sed
1214 1257 1281 1330 sita
1298 1271 1365 1343 est,
1390 1271 1450 1343 ut,
1472 1257 1555 1353 qui,
1577 1259 1688 1349 grafia
1703 1252 1838 1332 chrispi
1860 1256 1943 1330 1„u
1964 1271 2000 1327 eg
2017 1257 2211 1329 domfiom

166 1343 277 1434 magis
298 1333 532 1435 amplitudine
563 1329 819 1414 solicitudinis,
859 1341 895 1399 et
921 1326 1163 1419 praerogativa
1213 1356 1369 1452 spiritus
1395 1359 1508 1430 ,ancti
1541 1384 1562 1430 a
1594 1361 1774 1431 coactione
1804 1359 1892 1451 legi,
1912 1359 2057 1430 liberati
2078 1380 2200 1429 ,umus

34 1517 42 1529 ,
166 1438 448 1564 Iurisdictionis,
476 1449 519 1547 ut
542 1429 721 1503 Ecclesiae
741 1431 860 1502 unitas
886 1441 1163 1511 conservaretur,
1212 1461 1308 1533 ultro
1327 1461 1495 1532 facientes
1516 1485 1606 1554 quae
1631 1459 1704 1532 Lex
1727 1462 1873 1533 moralis
1895 1446 2089 1554 pragcipit‚
2121 1411 2210 1531 δώ]

157 1557 328 1655 tentanti·
586 1573 590 1582 ’
1212 1586 1291 1633 mus
1313 1560 1484 1634 iustitiam
1506 1576 1683 1644 nostram,
1717 1586 1808 1658 quae
1826 1561 2031 1657 spiritualis
2051 1584 2127 1633 esse
2148 1562 2210 1631 de-

170 1712 175 1717 ·
269 1674 348 1746 Hoc
372 1669 498 1743 ordine
522 1668 590 1740 rite
616 1664 811 1746 custodito,
838 1677 872 1735 et
890 1687 955 1756 per
968 1661 1163 1753 legitimam
1213 1665 1291 1750 bet,
1315 1665 1361 1735 ab
1377 1664 1531 1736 externis
1546 1664 1852 1758 observationibus
1866 1689 1941 1735 non
1956 1665 2125 1757 pendere,
2150 1664 2209 1733 sed

170 1775 423 1854 successionem
444 1768 702 1865 Episcoporum
725 1775 947 1849 conservato,
979 1765 1162 1834 vinculum
1213 1789 1271 1835 eas
1291 1765 1382 1837 sicut
1405 1779 1549 1858 propter
1566 1766 1792 1836 retinendam
1814 1781 1848 1838 et
1861 1766 2086 1851 ‚fulciendam
2107 1762 2210 1837 fidem

170 1884 261 1954 illud
283 1873 436 1950 caritatis
467 1871 634 1943 omnibus
658 1864 940 1943 Charismatibus
970 1864 1163 1959 superemi-
1215 1867 1438 1938 infirmorum
1463 1880 1499 1937 et
1520 1867 1701 1938 caritatem
1724 1868 1906 1940 institutae
1919 1881 2020 1952 sunt,
2045 1867 2098 1938 ite
2120 1867 2209 1941 cati·

169 2006 279 2068 nens,
303 1976 466 2072 inprimis
482 1973 653 2046 firmatur.
703 1969 812 2060 Quod
829 1966 994 2039 Irenacus
1015 1967 1110 2037 libro
1128 1966 1164 2038 8.
1214 1969 1278 2039 tati
1301 1970 1423 2039 cedere
1445 1969 1591 2051 dehere,
1623 1982 1728 2064 atque
1750 1971 1877 2054 etiam,
1904 1969 2005 2039 sires
2020 1967 2070 2039 ita
2086 1981 2208 2060 posto-

170 2082 205 2158 εἰ
220 2083 257 2159 4.
270 2073 571 2177 εοηιπῆιὴαετεεεε
586 2095 687 2165 saepe
703 2085 849 2144 testatur
863 2094 903 2141 ac
917 2072 1030 2143 docet.
1214 2070 1289 2141 lare
1303 2071 1462 2157 videtur,
1486 2070 1564 2157 sine
1580 2085 1721 2163 peccato
1737 2071 1855 2142 omitti
1870 2094 1991 2163 posse,
2016 2071 2069 2149 ita
2080 2056 2208 2149 tamen

269 2213 457 2288 Caeterum
494 2223 537 2280 ut
576 2206 759 2277 vinculum
796 2205 892 2275 istud
906 2199 950 2299 ὀ)
988 2198 1162 2284 cal-imis,
1213 2172 1246 2242 si
1280 2172 1372 2243 absit
1403 2187 1437 2243 et
1472 2173 1678 2243 scandalum
1709 2186 1744 2243 et
1779 2186 1989 2247 contemtus.
2033 2168 2155 2242 Lucae
2174 2168 2209 2243 6.

171 2322 286 2418 quod,
310 2332 352 2388 ut
363 2310 586 2404 Augustinus
600 2310 669 2393 ait,
694 2306 879 2399 proprium
896 2319 947 2377 est
962 2298 1164 2376 Catholicae
1214 2260 1319 2345 Τώ(
1333 2272 1428 2344 ‘nim
1443 2296 1581 2392 sempe?
1592 2274 1674 2393 Plus
1688 2274 1781 2345 fflUd
1793 2275 1902 2346 vale&
1926 2271 2209 2345 Μὶὅθΐῑίῦῑᾶἱᾶω
2240 2340 2246 2351 ,

105 2448 109 2454 ’
170 2422 350 2497 Ecclesiae
369 2419 524 2498 donum,
556 2410 775 2481 commodius
800 2407 1031 2489 retineretur,
1057 2397 1164 2474 Chri·
1213 2375 1316 2461 ‘⁷⁰¹⁰’
1339 2375 1709 2462 el¹¹⁰1¹⁸³0¹¹fi⁰¹111112
1731 2371 1942 2453 Matthlt.

173 2540 247 2596 stus
267 2517 440 2591 ministris
460 2527 495 2584 et
512 2507 689 2584 Ecclesiae
721 2533 803 2580 suae
832 2521 1040 2601 potestatem
1072 2504 1166 2585 fecit,
1316 2505 1496 2580 Hactenus
1511 2508 1555 2577 de
1567 2505 1747 2581 Ecclesiae
1770 2510 1865 2581 nocis
1883 2525 1919 2581 es
1943 2510 2133 2581 autoritate
2153 2532 2207 2597 ga.

171 2624 333 2720 politiam
355 2615 636 2691 Ecclesiasticam
657 2611 867 2694 ordinandi,
905 2632 995 2704 qrrae
1027 2607 1066 2676 in
1096 2604 1166 2696 piis
1216 2610 1366 2681 neratim
1382 2602 1516 2682 dictum
1533 2605 1646 2707 est.²¹)

173 2723 382 2799 ceremoniis
398 2733 432 2791 et
446 2716 634 2810 disciplina
649 2711 894 2784 Ecclesiastica
911 2708 1079 2781 consistit

274 2858 352 2930 lam
377 2854 474 2950 quod
498 2853 544 2922 ad
560 2847 776 2922 ceremonias
790 2844 934 2930 attinet,
958 2843 1167 2912 mandatum
1671 2844 1753 2920 XX,

174 2967 308 3037 hahent
331 2974 367 3031 θ(
390 2966 596 3049 P⁰l²⁸l³le¹¹¹
620 2950 683 3044 (Ιώ
703 2948 921 3066 Ρώθώώώ’
952 2945 1085 3014 nedum
1099 2939 1167 3059 qe·
1217 2981 1390 3064 Dogmata
1410 2985 1571 3066 quaedam
1591 3001 1676 3062 guae
1697 2980 1870 3044 Ecclesiae
1890 2987 2081 3046 autoritate
2099 2983 2208 3044 decla--

172 3063 366 3147 remonias,
390 3079 477 3153 quas
490 3056 537 3126 ad
550 3053 769 3123 euertendam
783 3048 1076 3140 retinendamqne
1091 3066 1168 3137 pre·
1527 3078 1624 3144 rm,
1644 3062 1795 3150 firma
1811 3078 1899 3130 „mg
1932 3109 1936 3119 ,

174 3184 282 3242 tatem
297 3167 410 3235 lacere
426 3157 712 3249 arbitrabuntur,
733 3151 871 3222 ordinis
887 3162 922 3219 et
934 3146 1071 3218 decoris
1085 3168 1169 3215 cau-

176 3296 213 3341 sa
237 3260 494 3345 constituendi,
533 3258 596 3329 sed
623 3255 766 3327 stritus
788 3268 948 3324 externos
974 3248 1014 3319 in
1035 3245 1167 3318 divinis

174 3372 288 3443 literis
310 3384 506 3459 expressos,
536 3361 581 3429 ad
597 3356 700 3428 Fidei
720 3368 755 3435 ct
771 3355 923 3426 caritatis
939 3351 1096 3441 regulam
1111 3347 1169 3417 di·

176 3471 317 3564 rigendi
333 3483 367 3539 et
376 3459 587 3546 exhibendi,
611 3483 651 3529 ac
665 3470 791 3551 prout,
814 3455 1009 3526 secundum
1032 3466 1170 3543 tempo-

176 3599 258 3646 rum
275 3597 316 3643 ac
327 3571 488 3640 locorum
498 3563 689 3644 rationem,
709 3557 867 3627 fidelium
881 3554 986 3626 saluti
1008 3552 1170 3645 expedire

178 3695 213 3748 et
234 3674 392 3745 sufficere
421 3664 604 3745 noverint,
639 3659 853 3751 disponendi
883 3681 923 3727 ac
950 3652 1170 3726 moderandi.

179 3776 263 3867 Quo
286 3783 419 3867 spectat
447 3767 537 3836 illud
559 3760 764 3852 Evangelii,
805 3756 900 3848 Quia
930 3756 1098 3828 dominus
1120 3767 1172 3823 est

178 3881 273 3950 lilius
289 3870 465 3955 hominis,
490 3867 596 3939 etiam
618 3862 777 3945 sabbati,
800 3859 917 3931 Lucae
935 3858 971 3930 6.
1022 3854 1112 3926 Item
1128 3856 1172 3924 de
1496 3912 1505 3929 ,
1565 3913 1573 3930 ‚
1816 3913 1824 3930 .
2135 3912 2144 3928 ι

180 3977 368 4071 disciplina
391 3968 499 4071 (quae
523 3993 544 4039 a
566 3967 663 4036 clave
682 3959 942 4033 lurisdictionis
964 3960 1112 4051 pendet,
1138 3969 1172 4027 et
1222 3926 1337 4004 &mm
1360 3927 1395 3984 et
1413 3913 1681 4005 ⁸¹Ph⁰³¹¹⁰¹¹⁰⁵2
1715 3913 1826 3984 velun
1850 3914 2025 3982 leffllllls
2050 3913 2214 3993 traduce,

179 4085 256 4154 sine
272 4102 342 4175 qua
354 4071 588 4162 Evangelicus
612 4067 713 4157 vigor
734 4065 773 4133 in
783 4059 940 4133 Ecclesia
960 4085 1036 4130 non
1057 4057 1173 4128 subsi-
1222 4027 1371 4187 mx
1386 4013 1599 4187 ἓᾞξὲιζξ(
1615 4011 1895 4185 (lilepxfflbllpffls'
1913 4016 1959 4083 de
1979 4014 2212 4091 musmon-

1143 4158 1153 4175 ·
1579 4171 1589 4202 ‚
1717 4139 1785 4209 qua
1802 4128 1886 4185 state
1901 4138 2149 4206 personarum,
2170 4117 2214 4184 dc

63 4242 68 4251 ,
105 4229 109 4243 ·
180 4180 257 4279 stit)
281 4175 527 4252 constituenda
552 4194 593 4242 ac
606 4168 793 4258 diligenter
808 4164 1020 4247 retinendo,¹
1039 4183 1173 4254 praest·
1224 4219 1362 4288 duabus
1378 4218 1514 4288 naturis
1530 4230 1565 4288 et
1579 4218 1714 4288 unitate
1737 4239 1909 4308 personae
1930 4217 1970 4284 in
1984 4211 2149 4300 Christo,
2170 4219 2213 4285 dr

181 4292 263 4369 des,
288 4306 328 4352 ac
351 4273 543 4351 obediendi
565 4267 772 4364 praepositis
785 4265 939 4348 subditi,
964 4263 1172 4334 mandatum
1224 4321 1247 4390 d
1299 4319 1357 4387 l..
1423 4320 1436 4387 l
1574 4319 1583 4337 ,
1702 4319 1711 4336 ,
2082 4318 2128 4335 ,,
2194 4321 2200 4331 ,

714 4368 724 4385 .
1249 4344 1297 4411 up
1312 4344 1357 4388 rcr
1376 4344 1421 4389 vo
1437 4313 1788 4402 untaternChrrsto‚
1811 4319 1856 4388 de
1880 4332 2022 4409 peccato
2035 4319 2213 4407 originali,

181 4385 332 4467 habent'
355 4379 506 4452 ΗΜΘ·
518 4374 577 4447 1³⁹
609 4363 874 4441 lcmmth‘ss'
1224 4423 1268 4491 de
1284 4422 1458 4512 baptismo
1476 4420 1666 4492 infantium
1675 4413 1736 4515 ⁷⁶),
1759 4434 1796 4491 et
1807 4419 1950 4491 similes.

282 4503 342 4575 Sic
363 4517 501 4581 tamen,
530 4504 572 4562 nt
593 4486 661 4560 hae
678 4486 908 4561 Ceremoniae
931 4499 965 4556 et
987 4475 1174 4574 disciplina

183 4608 251 4679 hoc
263 4605 332 4674 fine
347 4602 387 4670 in
400 4595 556 4687 Ecclesia
578 4592 810 4662 instituantur
826 4602 859 4658 et
871 4585 1174 4671 administrentur,

183 4732 259 4781 non
279 4704 381 4777 utin
404 4700 476 4770 illis
495 4695 624 4766 fiducia
645 4691 786 4773 salutis,
811 4713 900 4782 quae
924 4688 963 4756 in
981 4685 1092 4778 gratia
1108 4685 1174 4755 do-

183 4812 275 4881 mini
287 4803 401 4877 nostri
415 4799 497 4871 Iesu
510 4791 644 4868 Christi
660 4791 838 4876 consistit,
860 4803 1062 4882 reponatur.
1094 4783 1174 4856 Hoc

185 4914 281 4984 enim
305 4920 395 4978 esset
410 4900 526 4974 Deum
546 4899 678 4966 frustra
708 4893 822 4962 colere
851 4890 1027 4961 mandatis
1056 4882 1174 4959 homi-

184 5040 288 5085 nnm.
303 5000 435 5079 ⁸contra
447 5000 652 5072 mandatum
669 4994 826 5077 domini,
850 4987 1022 5062 Matthaei
1034 4987 1092 5061 15.
1127 4974 1174 5058 Et

1317 3200 1504 3273 Caeterum
1521 3205 1693 3296 quaedam
1709 3203 1816 3273 etiarn
1830 3200 2010 3293 speciatim
2025 3223 2212 3271 recensen-

1219 3306 1264 3375 da
1280 3317 1381 3388 sunt,
1405 3327 1496 3397 quae
1512 3298 1579 3373 hae
1593 3303 1792 3387 autoritate,
1816 3326 1889 3396 qua
1904 3297 2064 3372 Ecclesia
2079 3316 2157 3373 tum
2174 3303 2212 3369 in

1219 3405 1459 3476 diiudicandis
1473 3404 1657 3494 scripturis
1671 3418 1705 3476 et
1719 3404 1955 3494 dogmatibus,
1980 3417 2056 3473 tum
2072 3403 2113 3472 in
2128 3426 2212 3472 con·
2250 3482 2255 3492 Ι

1221 3508 1398 3581 stitucnda
1408 3503 1450 3600 ⁷²)
1469 3506 1593 3598 politia
1609 3506 1739 3590 utitur,
1762 3506 1897 3576 firmata
1915 3518 1998 3575 sunt
2023 3518 2057 3574 et
2082 3508 2213 3575 consti-

1220 3623 1308 3681 tuta
1356 3604 1411 3679 Ex
1428 3610 1544 3700 prima
1563 3609 1625 3677 illa
1641 3608 1759 3700 itaque
1777 3608 1979 3691 autoritate,
2002 3630 2073 3700 qua
2088 3602 2212 3676 Eccle-

1222 3712 1272 3781 sia
1295 3711 1340 3780 dc
1363 3710 1617 3802 scripturarum
1640 3709 1929 3801 interpretatione
1937 3703 1998 3804 ²³),
2029 3708 2212 3779 intellectu

1222 3826 1258 3883 et
1273 3826 1391 3883 mente
1405 3807 1608 3904 iudicat⁷⁴),
1632 3806 1820 3905 recepta⁷⁸)
1841 3823 1924 3881 sunt
1941 3810 2124 3903 sequentia
2147 3811 2212 3899 do-

1324 4549 1400 4622 Hac
1418 4570 1559 4645 quoqne
1575 4554 1763 4624 autoritate
1780 4567 1959 4644 receptum
1977 4568 2039 4636 est,
2066 4569 2214 4627 sanctos.

1223 4653 1287 4748 qni
1306 4656 1350 4724 ad
1374 4653 1482 4723 vitam
1504 4654 1618 4725 futuri
1641 4655 1749 4726 seculi
1773 4654 1956 4746 praemissi
1977 4670 2079 4739 sunt,
2104 4660 2212 4728 veluti

1256 4975 1302 5043 71)
1320 4973 1387 5029 Boc.
1400 4983 1426 5027 et
1439 4971 1506 5027 Eck.
1517 4973 1565 5024 sit.

1258 5058 1305 5123 ⁷2)
1324 5057 1391 5113 Boc.
1406 5067 1432 5112 et
1444 5053 1509 5113 usk
1522 5059 1723 5108 contenenda.

1258 5140 1305 5208 78)
1324 5157 1379 5208 que
1390 5138 1515 5193 Ecclesia
1527 5146 1577 5190 etc.
1591 5135 1747 5192 exciderunt
1762 5139 1832 5207 apud
1846 5137 1976 5191 Melanth.

1258 5223 1307 5294 ⁷4)
1325 5223 1393 5279 Met.
1405 5223 1538 5276 iudicata.

219 5347 266 5410 69)
284 5346 424 5396 unitatem
439 5330 563 5388 excidite
577 5338 648 5381 textu
661 5327 795 5382 Melanth.
1259 5309 1307 5375 ⁷5)
1325 5316 1437 5373 recepta
1451 5321 1508 5359 non
1522 5303 1621 5402 habent
1635 5302 1703 5358 Boc.
1715 5315 1740 5356 et
1755 5303 1817 5357 Ecl.

220 5433 265 5495 70)
284 5414 352 5480 Bac.
365 5432 391 5477 et
404 5418 471 5474 Eek.
487 5419 584 5469 ittera·
802 5453 810 5467 ,
1261 5395 1308 5459 76)
1325 5392 1393 5449 Rue.
1408 5402 1434 5444 et
1445 5388 1513 5445 Eok.
1528 5389 1682 5459 cusentum,

188 5212 411 5236 Μ
