4522 5752
106 233 207 315 1068
739 132 1180 301 sureuuuunba
1231 156 1358 293 ann.
1386 206 1519 291 sose.
1561 312 1564 317 ¹
1795 306 1807 333 .
2018 200 2161 283 naa·

103 411 162 495 sit,
186 407 284 477 unde
298 404 342 475 ad
356 415 392 474 te
405 398 557 472 scribam
570 395 748 490 copiosius
755 388 963 467 Mareotim
972 387 1116 463 Brun'
1151 410 1284 484 μνιον,
1310 401 1432 459 tamen
1447 380 1677 459 scholasticus
1691 384 1781 454 ordo
1796 402 1936 473 semper
1953 375 2152 472 plurimum

103 505 381 599 svr'censisquid
399 517 547 573 conetur
562 500 702 571 audisse
725 513 760 571 te
780 502 925 590 opinor3
960 512 995 568 et
1008 488 1053 569 V
1050 492 1102 563 ito
1153 489 1320 562 Ecclesiis
1336 489 1480 581 profuit.
1534 486 1653 577 Quare
1676 487 1774 581 quod
1794 498 1889 555 tanta
1906 482 1976 552 lide
1993 495 2026 553 et
2043 482 2151 552 sedu-

105 611 252 703 scripsi,
292 608 350 675 vel
372 602 568 695 significavi
590 603 721 695 potius.
778 599 876 671 Dens
897 612 1011 668 servet
1033 620 1102 667 no-
1152 595 1251 663 litate
1283 591 1428 664 adiuvas
1461 589 1656 669 Ecclesiae,
1707 600 1743 657 et
1774 588 1889 678 probo
1929 598 1964 655 et
2001 584 2152 674 gaudeo.

104 728 213 797 atros,
237 710 299 803 qui
316 709 578 801 qualescunque
595 718 678 773 sunt
696 718 813 775 tamen
828 698 961 773 Christi
977 697 1102 769 Eccle-
1152 690 1282 789 Ubia¹)
1308 707 1359 764 est
1378 692 1513 786 ubique
1532 687 1669 763 Christi
1694 704 1728 761 et
1751 713 1832 759 vera
1854 684 2029 771 Ecclesia3
2065 679 2150 755 huie

106 818 195 885 siam
212 825 375 894 tuentur,
408 822 444 878 et
464 807 661 877 doctrinam
677 806 771 897 piam
788 802 945 892 extingui
961 800 1101 873 nolunt.
1152 797 1304 867 serviam
1325 796 1530 889 ubicunque
1549 808 1693 886 potero,
1727 814 1874 883 meaque
1897 789 2148 858 consiliatum

105 915 150 987 ld
171 914 325 984 officium
345 910 474 979 scimus
487 911 566 979 Deo
583 919 722 996 gratum
738 931 822 979 esse.
871 903 926 975 De
939 894 1104 971 botheri
1152 899 1223 969 tuis
1245 912 1279 969 et
1300 897 1472 967 similium
1494 894 1684 967 sententiis·
1698 894 1923 981 c'oniungam.
1974 888 2016 960 si
2036 888 2149 957 collo-

106 1016 225 1109 genesi
246 1015 471 1102 dubitamus}
528 1008 613 1079 Dies
635 1021 688 1077 est
713 1022 845 1091 certus,
884 1000 972 1075 bora
996 1005 1099 1073 etiam
1152 1001 1214 1093 qui
1230 1000 1369 1083 licebit,
1395 1013 1436 1069 ut
1458 1022 1580 1091 spero,
1612 994 1810 1087 copiosius,
1843 1008 1880 1064 et
1898 994 1943 1061 de
1966 989 2094 1061 studiis
2114 1001 2150 1060 et

105 1143 197 1212 pene
215 1130 324 1199 certa,
357 1114 494 1182 mediae
519 1112 633 1180 noctis
656 1123 695 1179 ut
713 1109 823 1200 ipsam
841 1121 987 1177 matrem
1006 1106 1102 1175 altir-
1152 1105 1197 1172 de
1219 1102 1299 1170 aliis
1318 1097 1477 1171 honestis
1498 1100 1603 1169 rebus
1617 1095 1948 1167 commentabimur.
1998 1082 2181 1187 Iohany'

107 1216 410 1289 montemaudivi.
448 1212 557 1283 Anno
573 1223 658 1301 puto
672 1234 745 1280 esse
764 1208 874 1282 1484.
911 1207 982 1279 Sed
998 1207 1100 1297 plura
1153 1226 1233 1272 nem
1250 1194 1477 1287 Callatim,
1502 1203 1621 1269 virum
1637 1201 1843 1281 bonumet‚
1873 1209 1914 1267 ut
1933 1192 2148 1285 semperiu·

106 1319 261 1392 themata
287 1317 480 1408 posuimus.
542 1306 748 1382 Granricus
758 1308 785 1406 ¹)
815 1311 987 1402 probabat
1015 1309 1100 1377 anni
1153 1306 1284 1385 dicavi,
1310 1302 1533 1374 moderatum
1545 1302 1615 1375 tibi
1630 1302 1841 1373 commendo
1853 1294 1896 1395 ²).
1943 1292 2149 1369 Benevale·

109 1419 221 1507 1484.
243 1415 372 1489 thema.
429 1414 639 1488 benevale.
695 1411 807 1484 Datae
831 1437 911 1482 cum
934 1413 1003 1481 iam
1033 1412 1101 1479 iter
1152 1405 1437 1482 DieManitao.

107 1524 385 1613 ingrederemur.

885 1609 981 1687 Phil.
996 1609 1052 1689 M.

1156 1792 1216 1860 as.
1241 1778 1461 1857 N0.1s1a⁶.
1499 1782 1818 1871 (v01.111.p.7n.)
1936 1776 2150 1901 QQ

1257 1876 1431 1907 Μ

108 1977 417 2064 7111117181
456 1980 663 2068 (vnanp.
682 1983 793 2066 aaa).
930 1978 1090 2049 osana.
1579 1962 1634 2052 N.
1664 1960 1722 2048 Ν.

208 2079 381 2110 m
921 2071 1094 2101 Μ

488 2164 550 2248 Io.
576 2161 719 2248 litato,
1222 2142 1405 2253 tssfupogr.
1417 2142 1448 2199 u
1460 2142 1623 2202 aaran.
1638 2145 1677 2202 n.
1690 2142 1721 2200 1.
1734 2141 1795 2197 54³.

177 2352 200 2418 †
217 2346 255 2403 Ex
268 2362 363 2419 apogr.
376 2341 405 2398 in
420 2343 481 2400 cod.
494 2341 581 2398 Paris.
595 2341 631 2398 D.
644 2341 674 2397 b.
687 2342 748 2403 54⁸.
1583 2296 1721 2372 Amico·

633 2498 640 2516 ,
684 2497 692 2516 ,
1156 2420 1245 2505 Nisi
1264 2457 1387 2505 rursus
1409 2434 1664 2505 abduceremur
1684 2431 1860 2524 lipsiam,
1891 2432 2022 2502 advos
2045 2455 2151 2525 expa-

483 2495 514 2569 I
517 2524 548 2573 ⁰·
573 2493 729 2569 RWW·
1157 2537 1262 2606 tiatus
1278 2561 1404 2620 essem,
1436 2549 1476 2605 ut
1499 2537 1602 2605 nobis
1623 2533 1806 2606 historiam
1829 2547 2021 2605 conventus
2035 2534 2151 2605 Fran-

108 2619 155 2711 S·
205 2638 342 2711 Lucent
359 2638 499 2727 ingenia
516 2638 553 2705 in
570 2660 697 2725 genere
714 2638 897 2712 orationis.
947 2634 1025 2709 Etsi
1041 2662 1105 2710 au·
1158 2638 1352 2708 cosordiani
1370 2661 1570 2723 narrarem,
1604 2637 1669 2707 etsi
1691 2638 1822 2707 bonam
1842 2649 1976 2729 partem
1994 2634 2150 2705 exMar-

110 2758 183 2814 tem
202 2740 371 2811 mediocri
398 2764 476 2809 sum
499 2739 655 2824 indicio,
681 2754 799 2810 tamen
826 2742 924 2809 illam
950 2736 1119 2835 Atticam.
1158 2736 1285 2808 chione
1305 2761 1368 2809 vos
1392 2739 1568 2809 audivisse
1586 2764 1661 2809 non
1686 2741 1824 2815 dubito.
1887 2736 2005 2807 Multa
2029 2751 2149 2807 tamen

109 2845 261 2915 formam
284 2840 476 2925 sermonis,
508 2864 578 2933 qua
599 2841 727 2926 uteris,
758 2843 862 2911 valde
888 2867 984 2927 amo,
1015 2866 1104 2936 quae
1158 2843 1201 2910 de
1233 2854 1430 2910 exterarum
1459 2841 1645 2910 nationum
1680 2842 1807 2910 studiis
1840 2865 1879 2909 ac
1904 2838 2151 2909 voluntatibus

111 2948 259 3040 quidem
291 2957 325 3014 et
354 2943 489 3031 ingenii
515 2943 695 3011 raritatem
718 2943 900 3033 significat.
961 2942 1046 3013 ldeo
1071 2958 1104 3013 te
1158 2966 1432 3013 commemorare
1449 2965 1612 3031 possum,
1643 2968 1732 3035 quae
1748 2941 1896 3012 literatis
1910 2941 2050 3011 notiora
2066 2953 2151 3011 sunt

112 3071 251 3138 semper
270 3043 385 3114 amavi
409 3059 443 3114 et
465 3043 530 3112 leci
555 3043 762 3133 plurimum.
812 3044 962 3115 Gaudeo
987 3059 1103 3114 autem
1158 3069 1265 3137 quam
1287 3044 1518 3137 principibus.
1581 3042 1686 3114 Nunc
1709 3045 1775 3113 tihi
1798 3044 2008 3114 commendo
2033 3034 2151 3111 Geor·

111 3172 231 3218 meum
246 3149 289 3217 de
304 3160 337 3214 te
352 3145 525 3215 iudicium
542 3144 787 3213 confirmatum
802 3168 875 3215 esse
891 3142 1104 3216 humanissi-
1155 3142 1260 3239 giam
1282 3140 1481 3214 Aemilium
1493 3138 1548 3239 *),
1588 3139 1775 3216 honestum
1806 3159 1841 3215 et
1862 3147 1963 3237 pium
1983 3146 2151 3214 invenem

111 3251 181 3319 mis
196 3247 418 3318 sermonibus
434 3236 616 3329 Cellarii,
647 3245 709 3338 qui
730 3242 820 3314 mihi
841 3248 945 3316 fidem
965 3261 999 3318 et
1022 3272 1105 3318 can·
1159 3260 1194 3316 et
1208 3248 1446 3317 conferentem
1463 3245 1598 3334 ingenii
1613 3272 1740 3316 venam
1754 3248 1799 3316 ad
1819 3248 1998 3315 ornandas
2018 3270 2074 3315 res
2094 3268 2151 3314 sa·

112 3353 236 3422 dorem
253 3362 353 3418 tunm
370 3345 669 3436 depraedicavit,
695 3348 958 3430 utaslrrmaret‚
991 3373 1105 3419 sene·
1160 3372 1255 3432 cras,
1288 3349 1370 3441 quia
1397 3373 1513 3439 nuper
1534 3349 1646 3419 edidit
1672 3350 1730 3440 pia
1754 3362 1790 3419 et
1813 3360 1959 3417 venusta
1977 3350 2152 3436 poi-innata,

111 3453 248 3522 minem
269 3449 422 3519 amicum
446 3442 575 3516 habere
596 3446 803 3516 interiorem
832 3474 872 3518 ac
900 3451 1106 3523 fideliorem.
1160 3450 1265 3519 etiam
1297 3451 1438 3520 iudiciis
1467 3452 1680 3538 gravissimis
1705 3453 1888 3519 doctorum
1914 3451 1957 3517 ad
1981 3445 2153 3520 Rhenum

112 3552 245 3638 Vides,
281 3551 332 3619 mi
366 3548 472 3633 Rivi,
514 3573 585 3641 quo
619 3548 656 3617 in
692 3562 784 3619 statu
816 3550 862 3621 sit
898 3552 1106 3642 respublica.
1160 3552 1328 3643 probata,
1354 3576 1462 3645 eaque
1477 3552 1650 3621 dedicavit
1667 3546 1827 3645 Georgia
1844 3551 1996 3643 principi
2012 3547 2153 3621 Anhal÷

114 3653 330 3747 Quanquam
359 3651 455 3719 enim
485 3648 638 3740 optarim
662 3651 707 3721 ab
729 3652 801 3737 iis‚'
834 3652 897 3744 qni
922 3677 958 3722 se
980 3666 1108 3725 vocant
1161 3654 1253 3737 tino;
1280 3656 1469 3746 quaerebat
1485 3653 1579 3721 enim
1597 3655 1775 3722 eruditum
1791 3666 1999 3744 patronum,
2030 3653 2154 3745 quide

114 3752 355 3827 Ecclesiarum
370 3750 573 3836 antistites,'
594 3763 688 3821 recte
703 3753 819 3823 curari
836 3751 1028 3840 Ecclesias,
1052 3755 1107 3824 so·
1161 3755 1300 3846 scriptis
1315 3755 1472 3824 iudicare
1485 3767 1613 3844 posset.
1663 3752 1769 3824 Tales
1792 3756 1892 3844 digni
1912 3769 1995 3824 sunt
2017 3744 2155 3845 princi-

114 3856 193 3927 veri
213 3855 388 3927 studiosos
406 3852 485 3944 piae
506 3866 542 3922 et
561 3852 718 3922 sincerae
739 3856 939 3939 doctrinae,
971 3856 1107 3927 consuli
1161 3881 1245 3949 pum
1267 3857 1388 3925 favore
1415 3868 1449 3925 et
1472 3855 1696 3925 liberalitate:
1739 3869 1774 3925 et
1802 3858 1869 3925 scis
1899 3858 1943 3925 ad
1975 3858 2154 3926 bonorum

116 3958 317 4051 pastoribus
331 3954 528 4044 egentibus:
562 3966 680 4023 tamen
704 3956 860 4047 comperi
880 3970 932 4027 tot
955 3957 1024 4027 iam
1045 3982 1108 4029 an-
1162 3957 1363 4049 principum
1390 3957 1544 4025 officinm
1566 3958 1762 4049 pertinere,
1799 3971 1841 4028 ut
1869 3960 2092 4026 autoritatem
2120 3967 2156 4024 et

112 4060 191 4144 nis,
228 4057 415 4150 praecipue
439 4049 507 4125 hoc
530 4055 576 4125 ab
601 4054 645 4123 iis
668 4054 746 4144 agi,
785 4057 847 4151 qui
877 4061 1109 4128 adversantur
1160 4059 1343 4128 facultates
1368 4059 1550 4130 conferant
1571 4061 1615 4127 ad
1637 4060 1821 4130 literarum
1839 4060 2155 4129 conservationem.

113 4183 221 4231 verae
242 4158 444 4240 doctrinae,
477 4169 518 4226 ut
540 4155 664 4226 deletis
687 4158 793 4226 rebus
816 4160 922 4228 bonis
944 4173 978 4229 et
996 4162 1108 4228 inter-
1160 4159 1250 4229 Nam
1273 4156 1430 4228 Ecclesia
1454 4159 1530 4228 sine
1553 4160 1666 4229 literis
1696 4161 2002 4231 conservari-non
2029 4172 2155 4251 potest.

113 4261 217 4333 sectis
237 4258 359 4329 multis
389 4252 548 4328 honestis
575 4257 661 4327 viris
689 4261 898 4330 confirment
925 4261 1108 4332 scientiam
1160 4257 1325 4352 Excipies
1340 4260 1448 4351 igitur
1462 4255 1662 4333 Aemilium
1679 4275 1840 4333 amanter
1853 4275 1888 4333 et
1903 4286 1984 4333 eum
2002 4258 2156 4354 principi

114 4363 294 4435 malorum
322 4371 486 4450 etsuam
514 4358 709 4448 potentiam
740 4361 932 4432 stabiliant.
988 4362 1109 4452 Quare
1163 4359 1318 4453 Georgio
1333 4363 1609 4438 commendabis.
1658 4361 1702 4440 B.
1716 4361 1763 4438 V.

116 4464 183 4537 etsi
204 4462 320 4534 solent
343 4460 382 4529 in
405 4472 502 4530 tauta
523 4455 711 4529 hominum
734 4460 977 4534 imbecillitate
995 4465 1108 4534 multa

116 4568 169 4657 in
178 4562 459 4636 dissensionibus
472 4559 637 4630 civilibus
649 4561 805 4633 incidere
817 4564 997 4658 utrinqne,
1013 4566 1109 4657 quod
1855 4634 1858 4639 ,

117 4668 313 4749 nollemus:
346 4677 465 4733 tamen
489 4654 557 4731 boc
580 4683 691 4752 genus
714 4665 913 4749 doctrinae,
939 4668 1035 4759 quod
1052 4690 1111 4736 so.
1198 4671 1224 4740 1)
1244 4667 1381 4739 sicana,
1398 4668 1596 4725 reddendae.
1631 4668 1747 4727 videtur
1765 4670 1846 4726 ettam
1866 4667 1969 4743 eliquit
1982 4671 2156 4743 praetenui·-

115 4783 181 4841 ω
203 4768 243 4837 in
263 4762 431 4835 Ecdesns
452 4763 602 4849 nostri&
642 4777 676 4834 et
703 4759 799 4834 hunc
829 4767 1110 4861 qualemcunque
1196 4756 1445 4893 illlrnlrretlbelbss9.
1464 4760 1575 4879 vocatus
1593 4834 1634 4879 est
1652 4824 1771 4895 primum
1787 4823 1929 4881 Misniam.
1963 4824 2025 4881 Vid.
2040 4824 2156 4881 omnino

116 4882 247 4941 lla'llum
267 4868 442 4937 lucullum
461 4865 518 4932 vel
533 4865 727 4935 fovendum
746 4867 864 4957 pollus
879 4868 1010 4943 iudico.
1062 4867 1110 4941 El
1230 4890 1340 4945 botheri
1356 4902 1383 4944 et
1398 4892 1465 4947 Mel.
1485 4892 1563 4963 epist.
1582 4895 1615 4946 ad
1635 4894 1674 4949 lo.
1687 4892 1858 4947 Fridericum
1873 4893 2030 4964 Principem
2047 4894 2156 4949 Electo-

118 4992 322 5066 quanquam
351 4988 501 5057 agnosco
533 4965 811 5037 imbecillitatem
842 4971 955 5041 nostri
986 4971 1109 5060 gregis,
1232 4978 1290 5015 rem
1304 4960 1331 5016 ἆ·
1344 4961 1371 5014 ⁶·
1387 4964 1410 5017 ¹·
1427 4961 1494 5015 *¹²¹¹
1513 4962 1585 5016 ¹⁵³9·
1602 4964 1684 5032 (ΨΜ
1697 4963 1730 5017 ‘¹‘
1744 4962 1842 5017 Μ·
1854 4963 1887 5019 Τ·
1900 4963 1934 5017 V·
1948 4983 1973 5033 Ρ·
1989 4964 2070 5018 ¹⁸⁴³·
2162 5000 2170 5017 ⁸

115 5094 239 5145 enus
513 5078 557 5139 ut
578 5067 629 5139 e
649 5063 831 5156 aa...
869 5066 1007 5170 ...a
1027 5067 1110 5144 ποι-
1196 5042 1513 5181 anaema?
1526 5047 2159 5193 a·a.lantrannus

1233 5181 1329 5240 Wen.
1342 5182 1377 5241 T.
1391 5184 1425 5241 v.
1441 5202 1470 5258 p.
1484 5183 1566 5251 182).

115 5250 327 5273 Μ

152 5386 181 5455 l)
198 5382 311 5443 Rectius
321 5383 453 5439 ionum
470 5379 623 5438 comam.
