4522 5752
79 212 88 281 l
597 198 1036 279 EPISTOLARUM
1093 202 1200 281 ΗΒ.
1226 203 1289 275 lli.
1342 202 1475 280 rats.
1982 200 2061 273 890

79 404 121 451 ua
138 378 270 453 iudicia
284 375 524 458 consulimus,
558 400 625 449 nos
645 376 760 448 furori
783 389 855 448 tarn
877 377 1009 449 multo·
1060 376 1208 447 idoneos
1234 372 1430 470 Episcopus
1459 378 1695 467 praeficerent.
1753 375 1845 446 Nam
1877 366 1946 442 hoc
1974 372 2053 441 otu-

79 508 97 553 u
112 482 268 575 pauculi,
293 481 417 573 spreti,
444 480 637 550 imbecilles
652 480 821 551 obsistere
838 506 913 549 non
927 505 1010 572 pos·
1060 480 1152 548 cium
1170 474 1265 550 haud
1281 480 1388 551 dubie
1404 481 1471 549 deo
1488 481 1630 551 debent.
1681 477 1780 549 Sicut
1801 476 1968 567 scriptum
1986 490 2052 542 est:

79 607 151 656 ons.
201 582 273 655 Sed
290 606 346 652 me
364 582 602 651 confirmatio
615 595 737 652 nostro
754 606 902 652 munere
917 583 1010 652 filius
1060 576 1206 672 Aperite
1220 593 1340 672 portas
1349 580 1532 672 Principes
1550 598 1692 659 vestras,
1717 576 1766 652 Et
1780 578 1953 650 tollantur
1967 600 2052 668 por-

86 739 97 771 ,
124 684 185 779 qui
201 680 269 755 hoc
280 708 384 755 suum
400 684 634 753 diversorium
650 707 788 775 semper
799 686 922 753 eodem
938 685 1010 755 lece
1059 697 1115 753 tae
1130 684 1276 767 mundi,
1301 696 1343 753 ut
1356 684 1509 754 introeat
1521 681 1599 755 Rex
1616 680 1773 756 Gloriae.

78 789 125 858 do
145 811 209 880 per
225 787 417 856 imbecilles
433 786 654 875 gubernavit.
703 780 821 875 Elegit
838 784 945 871 Deus,
970 801 1008 856 ut
1159 781 1252 855 Cum
1277 785 1385 873 igitur
1413 786 1497 869 tibi,
1536 782 1846 855 Reverendissime
1866 776 2054 872 Episcope,

79 890 135 985 uit
151 888 298 972 Paulus,
323 888 463 958 infirma
479 887 626 969 mundi,
658 899 699 957 ut
718 888 918 979 pudefaciat
935 888 1010 957 ior·
1059 886 1235 955 audissem
1254 890 1533 956 commendatam
1550 909 1622 955 esse
1640 881 1731 954 hanc
1749 883 2054 975 gubernationem,

135 987 219 1059 Non
248 989 356 1079 igitur
388 990 588 1058 deseramus
620 988 807 1059 stationem
839 1003 1009 1063 nostram.
1061 1013 1167 1081 qnam
1191 1012 1287 1057 nunc
1310 988 1552 1073 administras,
1589 1012 1661 1056 non
1685 986 1786 1078 potui
1805 1009 1879 1054 non
1901 984 2053 1075 probare

79 1103 161 1161 uret
177 1092 251 1183 ipse
266 1090 360 1161 filius
375 1090 433 1159 dei
452 1090 656 1181 pollicetur,
690 1114 727 1159 se
747 1090 1011 1161 nobisadiutu-
1061 1090 1270 1179 exemplum.
1324 1088 1378 1158 Te
1394 1090 1537 1183 quidem
1554 1088 1626 1159 scio
1642 1088 1897 1157 alienissimum
1913 1108 1986 1153 esse
2007 1086 2052 1151 ab

79 1216 208 1263 nesso:
228 1211 326 1283 ego,
358 1192 493 1285 iuquit,
524 1193 708 1263 vobiscum
730 1215 809 1262 sum
832 1195 1007 1286 usquead
1060 1190 1267 1276 ambitione,
1292 1203 1327 1259 et
1341 1215 1421 1260 cnm
1435 1205 1583 1262 naturae
1596 1190 1851 1272 moderatione,
1875 1202 1950 1258 tum
1967 1210 2052 1254 veru

79 1295 358 1366 summationem
372 1293 492 1365 seculi.
1060 1293 1130 1361 iam
1153 1305 1290 1363 senecta
1314 1304 1348 1361 et
1370 1291 1552 1363 laboribus
1576 1293 1777 1363 conlectum
1807 1312 1925 1359 amare
1954 1302 2053 1358 tran-

117 1396 189 1469 Sed
204 1410 323 1466 tamen
340 1384 410 1466 alia
425 1409 584 1486 tempora
598 1392 677 1464 aliis
699 1395 845 1465 laetiora
869 1409 955 1467 sunt
977 1409 1011 1465 et
1061 1393 1292 1487 qrrillitatem,
1327 1417 1366 1463 ac
1391 1396 1436 1463 de
1458 1407 1520 1465 tuo
1543 1394 1660 1485 potins
1681 1395 1795 1463 solere
1816 1392 1897 1461 aliis
1919 1390 2053 1473 cedere,

79 1498 279 1591 aquilliora.
337 1494 523 1567 interdum
553 1491 680 1568 habuit
708 1499 806 1568 orbis
835 1511 1010 1568 terrarum
1060 1519 1166 1588 qrram
1182 1520 1262 1566 cum
1279 1519 1458 1589 quoquam
1472 1495 1593 1569 rixari.
1646 1493 1810 1585 intelligo
1832 1486 1950 1563 ethos
1967 1492 2055 1561 sub-

80 1622 97 1667 s
115 1599 308 1691 principes,
331 1600 396 1691 qui
408 1622 510 1668 verae
524 1599 706 1668 doctrinae
721 1600 1009 1691 propagationem
1060 1598 1141 1666 iisse
1158 1608 1191 1665 te
1209 1599 1396 1669 molestum
1412 1621 1503 1667 onus
1519 1612 1554 1667 et
1571 1596 1756 1671 invidiam.
1806 1594 1878 1667 Sed
1892 1594 2054 1663 animum

79 1714 243 1785 uverunt,
263 1697 597 1781 utConstantinum,
616 1696 873 1777 Theodosium.
905 1700 1010 1770 Nunc
1060 1713 1161 1770 tuum
1179 1700 1303 1781 laudo,
1335 1702 1431 1793 quod
1445 1696 1622 1769 Ecclesiae
1644 1722 1747 1769 causa
1768 1697 1887 1790 potius
1901 1690 1966 1765 has
1982 1694 2053 1764 dii-

79 1803 222 1871 rsolnm
239 1799 390 1871 Tureica
410 1800 590 1871 barbaries
611 1802 702 1892 gerit
725 1826 822 1873 arma
844 1804 1011 1871 adversus
1059 1801 1229 1871 facultates
1244 1802 1424 1872 adeundas
1442 1825 1517 1870 esse
1530 1800 1695 1870 censuisti
1709 1823 1815 1893 quam
1830 1800 1949 1868 locum
1965 1820 2053 1866 cort-

79 1904 154 1974 risti
169 1927 318 1987 nornen,
351 1903 413 1973 sed
436 1902 543 1973 etiam
565 1903 671 1973 multi
692 1927 791 1993 reges
806 1928 853 2003 ac
875 1904 1009 1995 princi·
1059 1903 1257 1972 cedendum
1280 1902 1383 1972 alteri
1406 1902 1550 1971 inimico
1570 1926 1678 1994 purae
1694 1901 1874 1971 doctrinae
1888 1894 2053 1989 Evange-

84 2005 225 2085 ,titulo
241 1998 451 2089 Christiani,
475 2018 678 2094 grassantur
692 2002 732 2074 in
748 2001 884 2077 Christi
899 2028 1009 2073 mem·
1059 2002 1113 2078 lii.
1164 2003 1205 2074 si
1218 2004 1344 2075 caeteri
1357 2004 1535 2097 principes
1551 2027 1632 2073 vere
1647 2003 1769 2073 volent
1782 2001 1965 2073 consulere
1979 1999 2053 2069 suis

79 2142 104 2191 ι,
138 2120 173 2176 et
198 2130 322 2197 puram
335 2102 524 2195 Evangelii
544 2106 657 2175 lucem
682 2106 882 2198 opprimere
901 2119 935 2177 et
950 2130 1010 2176 ex·
1058 2102 1245 2189 Ecclesiis,
1269 2106 1414 2177 taudem
1429 2106 1560 2177 imitari
1574 2129 1634 2176 cos
1648 2097 1716 2176 hoc
1732 2103 1931 2195 exemplum
1944 2124 2054 2193 opor-

79 2232 179 2297 gnere
192 2220 377 2276 conantur.
427 2206 589 2277 Fuerunt
607 2207 695 2276 olim
709 2204 879 2301 Episcopi
904 2211 1010 2278 duces
1059 2206 1156 2281 tebit.
1205 2204 1297 2277 Nam
1312 2207 1408 2302 quod
1423 2208 1608 2300 disputant
1629 2206 1824 2277 adversarii
1849 2204 1903 2275 tui
1926 2204 1970 2273 de
1993 2226 2054 2273 ca-

79 2310 148 2401 iqui
165 2322 283 2379 coetus
299 2308 606 2392 concionatorum,
638 2308 702 2403 qui
715 2322 750 2381 et
762 2310 962 2379 eruditione
976 2323 1008 2379 et
1059 2310 1189 2377 nonica
1224 2309 1415 2395 electione,
1455 2310 1645 2379 verborum
1678 2308 1877 2400 praestigiis
1909 2304 2052 2375 ludunt.

79 2412 207 2479 oritate
230 2433 439 2479 consensum
464 2424 557 2480 recte
579 2410 784 2481 docentium
809 2413 1010 2482 tuebantur.
1059 2408 1131 2481 Tot
1153 2409 1224 2479 iam
1251 2410 1379 2481 seculis
1400 2412 1500 2481 nulla
1521 2410 1592 2480 fuit
1616 2410 1785 2480 canonica
1808 2407 1950 2491 electio,
1990 2409 2052 2475 sed

78 2536 123 2581 nc
134 2508 320 2603 Episcopi,
351 2511 414 2604 qui
432 2524 516 2581 sunt
531 2510 699 2581 satellites
711 2510 868 2583 Romani
883 2511 1009 2582 Ponti·
1058 2511 1115 2581 vel
1138 2512 1341 2603 principum
1366 2512 1582 2596 ambitione,
1621 2512 1677 2581 vel
1701 2510 1963 2603 conspiratione
1985 2508 2052 2577 ali-

79 2637 110 2697 s,
136 2636 212 2683 non
234 2614 340 2681 modo
355 2636 430 2681 non
445 2613 569 2681 iuvant
582 2613 799 2683 curationem
813 2613 954 2705 piorum
969 2614 1007 2682 in
1058 2637 1211 2705 uirorum
1227 2627 1430 2705 potentum,
1454 2636 1518 2706 per
1531 2635 1657 2683 manus
1669 2614 1770 2684 datae
1784 2626 1868 2683 sunt
1881 2605 1947 2680 hae
1960 2606 2052 2679 Pro-

79 2714 214 2785 ersorio
230 2710 384 2798 Christi,
415 2715 476 2782 sed
496 2714 721 2784 latrocinium
745 2728 907 2785 exercent
928 2714 1009 2807 ipsi,
1059 2714 1213 2799 vinciae,
1246 2715 1301 2784 vel
1318 2712 1455 2787 Rornae
1478 2728 1634 2805 emptae,
1667 2716 1794 2806 spretis
1815 2712 1992 2784 veteribus
2016 2726 2051 2781 et

79 2818 216 2887 'endunt
232 2816 454 2906 turpissimos
469 2838 606 2885 errores
620 2838 660 2885 ac
675 2816 860 2888 manifeste
881 2828 1009 2888 contu·
1058 2816 1161 2885 novis
1182 2816 1390 2889 canonibus.
1446 2812 1639 2886 Doctrinae
1664 2840 1748 2886 vero
1778 2812 1990 2885 christianae
2016 2826 2051 2881 et

79 2918 183 2988 liosos
201 2916 368 2987 adversus
382 2914 517 3001 Deum,
547 2916 782 2987 idolomanias
804 2918 843 2986 in
863 2918 1009 2988 invoca-
1057 2918 1327 3007 gubernationis
1343 2918 1438 3001 eius,
1468 2940 1558 3011 quae
1578 2917 1723 3009 proprie
1742 2930 1793 2989 est
1808 2916 2051 2997 ecelesiastica,

79 3042 116 3089 re
129 3018 295 3088 divorum
310 3031 345 3088 et
359 3016 399 3087 in
415 3012 697 3110 prophanatione
712 3042 841 3090 coenae
856 3020 1009 3104 domini,
1057 3018 1158 3087 nulla
1180 3042 1325 3109 prorsus
1346 3032 1397 3089 cst
1421 3014 1604 3093 habitatio.
1663 3017 1780 3104 Haec,
1816 3042 1907 3113 quae
1931 3038 2050 3100 narro,

79 3130 125 3203 irs
152 3118 321 3189 libidines
351 3131 387 3189 et
415 3118 528 3205 multa
554 3119 740 3190 manifesta
765 3120 1008 3203 deliramenta,
1059 3120 1106 3190 ita
1126 3120 1311 3199 marrilesta
1333 3132 1435 3206 sunt,
1464 3132 1505 3191 ut
1525 3144 1632 3191 nemo
1656 3120 1817 3212 quamvis
1842 3119 2049 3209 imprudens

79 3212 247 3291 erficiuat'
263 3220 341 3311 pios
367 3219 495 3289 melius
518 3219 719 3294 sentientes.
773 3219 872 3292 Haec
891 3246 1007 3315 neque
1058 3234 1092 3290 et
1113 3220 1244 3291 ellrons
1264 3244 1392 3311 negare
1413 3245 1453 3292 ea
1475 3221 1595 3314 possit.
1647 3220 1793 3293 Utinam
1808 3219 1976 3292 Ecclesiis
1991 3242 2050 3287 re-

79 3346 167 3393 eura
190 3334 291 3407 sunt,
329 3344 445 3413 neque
469 3322 628 3392 excusari
648 3346 670 3391 a
692 3322 903 3393 verecundis
930 3324 1007 3394 ullo
1056 3323 1427 3393 stituant'canonicam
1445 3322 1751 3411 suffragationem,
1783 3347 1874 3415 quae
1897 3344 1971 3391 non
1997 3334 2050 3389 est

79 3426 125 3494 do
141 3436 308 3515 possunt,
338 3422 410 3491 nisi
428 3424 525 3515 quod
545 3422 760 3515 praetexitur
771 3424 889 3514 inepta
905 3425 1007 3507 ratio,
1056 3425 1165 3494 unius
1179 3436 1316 3494 tantum
1332 3424 1489 3503 ordinis,
1523 3427 1584 3493 sed
1608 3424 1847 3509 eruditorum,
1878 3420 2049 3493 honesto-

79 3528 112 3595 rd
129 3524 303 3615 sapientes
319 3538 353 3595 et
368 3525 532 3616 politicos
548 3524 644 3593 viros
658 3525 777 3594 deceat
799 3550 871 3595 non
896 3520 1006 3623 ζυγο-
1058 3550 1155 3610 rum,
1184 3526 1326 3617 piorum
1348 3550 1391 3595 ex
1411 3526 1578 3595 omnibus
1600 3526 1803 3601 ordinibus.
1852 3524 1957 3599 Nunc
1977 3520 2048 3593 Ec-

79 3628 171 3717 rgaiv,
213 3650 278 3695 nec
305 3650 326 3695 a
352 3626 533 3695 communi
562 3650 736 3697 consensu
766 3628 1006 3719 potentiorum
1057 3624 1181 3697 clasiae
1209 3640 1294 3698 sunt
1321 3650 1507 3719 oppressae
1538 3629 1726 3721 tyrannide
1749 3652 1769 3699 a
1791 3627 1969 3715 collegiis,
2008 3627 2046 3694 in

79 3730 209 3800 redere.
267 3724 365 3796 Haec
400 3722 634 3818 Philosophia
672 3722 779 3798 habet
812 3724 1005 3825 [habeati]
1056 3728 1187 3820 quibus
1203 3728 1308 3798 etiarn
1324 3730 1355 3799 si
1369 3729 1528 3823 quisunt
1542 3728 1610 3797 viri
1625 3730 1730 3809 boni,
1764 3730 2047 3800 tamenvincnn-

79 3828 105 3901 si
118 3852 223 3899 suum
239 3828 376 3913 locum,
403 3851 478 3897 non
489 3828 644 3899 stabiliat
666 3852 803 3899 errores
824 3844 1007 3900 contume-
1058 3842 1115 3899 tur
1129 3853 1280 3900 numero
1297 3844 1333 3901 et
1346 3830 1493 3900 audacia
1507 3852 1528 3899 a
1542 3831 1657 3903 malis.
1707 3826 1821 3902 Erant
1837 3831 1946 3919 igitur
1959 3830 2045 3897 honi

79 3954 125 3999 tos
139 3932 306 3999 adversus
321 3932 439 4002 deum.
489 3928 562 3999 Nos
586 3932 681 3999 enirn
705 3933 861 4017 regulam
882 3934 921 4000 in
935 3928 1006 3999 Ec·
1055 3932 1242 4000 acaeteris
1264 3933 1453 4003 ordinibus
1473 3932 1685 4013 adiuvandi,
1720 3945 1759 4001 ut
1783 3932 1894 4021 gloria
1911 3925 2046 3999 Christi

79 4032 122 4103 ria
140 4032 247 4101 aliam
263 4026 452 4115 habemus,
477 4054 567 4124 quae
586 4031 636 4101 sic
655 4032 839 4123 praecipit:
873 4032 912 4105 si
929 4032 1007 4101 An·
1055 4030 1310 4118 illustraretur,
1353 4046 1389 4103 et
1426 4032 1532 4103 saluti
1569 4027 1755 4102 hominnm
1794 4033 2047 4103 consuleretur.

79 4158 117 4205 us
141 4135 185 4202 de
206 4132 304 4201 coelo
327 4133 424 4201 aliud
446 4128 681 4221 Evangelium
706 4134 884 4219 «locareris,
920 4157 1006 4202 ana·
1055 4131 1125 4203 Sed
1145 4131 1456 4223 pellituremedio
1472 4132 1663 4227 sapientia,
1696 4134 1730 4201 vi
1749 4135 1884 4223 geritur
1903 4156 1975 4217 res,
2005 4133 2045 4201 in

79 4257 136 4304 nra
153 4234 210 4309 sit.
258 4230 482 4303 Deserendus
498 4247 533 4302 ct
549 4236 763 4304 execrandus
785 4248 853 4319 est,
884 4258 924 4303 ac
946 4237 1004 4303 su·
1055 4228 1341 4325 haspraesertim
1360 4259 1474 4309 cansa.
1526 4234 1580 4304 De
1597 4237 1768 4305 electione
1785 4237 1901 4326 palam
1923 4235 2045 4303 vident

79 4338 348 4427 adustanqnam
363 4326 567 4427 κάθαρμα,
601 4336 663 4428 q'ui
685 4336 842 4405 defendit
856 4331 1006 4407 siderio·
1054 4336 1266 4420 adversarii,
1298 4360 1334 4405 se
1351 4360 1416 4406 nec
1428 4338 1606 4409 veteribus
1622 4360 1685 4406 nec
1703 4338 1805 4408 novis
1824 4337 1962 4427 legibus
1981 4360 2045 4427 pa-

79 4432 173 4521 riete,
211 4452 247 4506 et
269 4438 403 4507 bellum
431 4436 522 4526 gerit
548 4460 628 4504 curu
658 4436 775 4525 primo
803 4451 1005 4529 praecepto:
1055 4459 1151 4520 rere,
1181 4438 1242 4506 scd
1263 4438 1299 4506 vi
1316 4440 1536 4508 retinendam
1551 4452 1695 4509 censent
1710 4440 1963 4528 possessionem
1978 4463 2043 4529 po-

79 4564 185 4611 ssum
194 4535 371 4607 Dominus
386 4540 473 4608 deus
488 4551 581 4619 tuns,
606 4537 669 4631 qui
684 4538 787 4607 eduxi
803 4540 896 4607 tede
914 4552 1004 4608 terra
1054 4539 1184 4607 tentiae
1199 4552 1233 4608 et
1250 4538 1490 4631 voluptatum,
1523 4564 1562 4610 ex
1586 4564 1654 4632 qrra
1676 4540 1790 4608 exorati
1813 4564 1849 4610 se
1870 4541 2044 4621 viderent,

79 4640 178 4737 gypti.
227 4636 322 4729 Ergo
337 4635 531 4730 Episcopus
548 4637 629 4708 illos
644 4632 762 4709 hostes
777 4635 911 4712 Christi
929 4664 1004 4709 non
1053 4640 1082 4708 si
1105 4642 1151 4709 ad
1166 4639 1259 4728 leges
1275 4655 1408 4710 veteres
1422 4642 1603 4713 electionis
1622 4656 1882 4712 revocarentur.
1932 4640 2044 4730 Saepe

79 4768 132 4813 rm
151 4741 413 4835 relinquamus,
443 4742 504 4811 sed
528 4739 632 4811 etiam
655 4752 823 4833 tanquam
845 4736 1005 4813 ἀλαστο-
1052 4736 1270 4826 stomachor,
1306 4743 1413 4811 obiici
1439 4745 1543 4813 nobis
1571 4744 1826 4833 neglectionem
1855 4766 2043 4826 canonino,

79 4870 101 4931 τ,
126 4845 282 4937 pollutus
297 4842 514 4913 idolomania
532 4855 568 4911 et
584 4841 750 4911 caedibus
766 4842 907 4933 piorum
925 4868 1004 4912 ere·
1053 4867 1132 4911 cum
1148 4856 1305 4913 veterum
1321 4855 1356 4913 et
1370 4844 1512 4914 utilium
1530 4868 1705 4915 canonum
1724 4860 1905 4937 praecepta
1929 4844 2040 4912 marito

79 4970 166 5029 plur.
216 4944 257 5017 Si
278 4946 342 5039 qui
365 4968 450 5013 vero
472 4956 555 5013 snut
579 4943 616 5010 in
638 4968 680 5011 eo
697 4958 800 5014 coetu
816 4946 1002 5027 sanabiles,
1054 4945 1154 5032 plura
1174 4968 1363 5037 sequamur
1384 4972 1490 5039 quam
1512 4948 1714 5018 adversarii.
1768 4944 1838 5038 ipsi
1861 4948 1928 5016 snb
1945 4944 2041 5013 arhi-

79 5042 307 5131 thortemnr,
342 5058 384 5116 ut
412 5069 450 5114 se
475 5070 495 5113 a
521 5059 738 5114 caeterorum
760 5046 943 5117 sententiis
968 5061 1003 5116 et
1051 5046 1122 5115 trio
1144 5046 1257 5135 figunt
1279 5059 1312 5115 et
1338 5047 1489 5137 refigunt
1513 5050 1653 5118 divinas
1683 5064 1717 5118 et
1742 5044 1914 5117 humanas
1937 5047 2040 5135 leges.

81 5150 173 5221 siliis
202 5149 406 5237 seiungunt,
444 5160 479 5216 et
507 5146 677 5236 incipiant
697 5147 845 5235 gloriam
868 5142 1000 5219 Christi
1054 5146 1128 5216 imo
1149 5161 1189 5218 nt
1209 5148 1411 5218 deSolonis
1434 5152 1564 5219 tabulis
1584 5152 1718 5220 dictum
1735 5153 1839 5219 estin
1858 5148 2038 5217 comoedia

79 5274 159 5337 are,
179 5265 215 5322 et
229 5251 333 5321 saluti
350 5272 433 5319 suae
450 5273 491 5318 ae
505 5244 672 5317 Ecclesiis
687 5250 881 5323 consulere.
921 5250 1000 5321 Uti·
1051 5249 1181 5319 httica:
1221 5242 1411 5344 ‹ppeiyovos
1431 5246 1602 5349 adypgpvr
1622 5247 1790 5343 adaptem,
1827 5264 1962 5320 torrent
1985 5250 2039 5317 fa-

79 5380 95 5425 u
118 5354 215 5423 enim
236 5354 288 5445 pii
308 5351 486 5445 principes
506 5348 664 5440 Collegia
688 5364 936 5445 repurgarent,
965 5366 999 5424 et
1049 5352 1164 5421 riuarn
1178 5352 1329 5421 incensis
1345 5353 1462 5441 legum
1478 5355 1627 5430 tabulis.
1679 5355 1737 5423 Sic
1757 5352 1948 5421 adversarii
1973 5376 2038 5419 no-
