4522 5752
106 244 184 321 τοι
681 224 1118 321 rersromnuu
1173 224 1283 320 orn:
1313 224 1380 323 tr.
1432 218 1568 319 rosi.
1972 274 1977 281 -
2072 230 2139 319 ru

109 416 168 490 vel
189 412 429 513 oupeooptode
448 419 587 511 potins,
619 415 752 508 quibus
780 420 931 510 exagitat
956 392 1101 509 impiam
1153 408 1334 506 ἀμαθίας.
1383 410 1539 509 Reliqua
1555 410 1695 501 estssuna
1712 396 1874 501 il'nco'ra,
1900 416 1948 485 de
1970 440 2040 511 qua
2062 408 2145 491 filim

111 521 272 613 plebem,
290 533 342 591 -et
364 520 522 591 fortassis
546 519 756 588 confirmare
779 522 971 593 certamina
997 543 1104 613 quae-
1154 514 1222 586 Dei
1233 516 1372 611 inquit,
1393 515 1476 587 Non
1490 516 1690 609 relinquam
1705 522 1769 587 v'os
1784 512 1995 610 Orphanos.
2045 516 2144 591 vides

112 624 195 693 darn
209 634 369 695 oonatur.
419 620 490 694 Sed
506 620 661 691 discedet
674 644 716 689 ex
731 614 797 693 hac
814 645 940 693 scaena
956 622 1016 691 ille
1031 619 1105 711 spi·
1156 640 1221 689 nec
1243 614 1423 689 Ecclesiae
1436 636 1441 645 ·
1455 640 1521 689 nec
1544 614 1655 709 Reip.
1683 619 1862 711 praesidio
1892 632 1977 689 esse
1994 610 2060 701 hos
2079 618 2145 693 lte-

112 724 204 795 ritus
232 727 463 822 πανοῦργος,
503 722 532 793 si
555 747 574 791 a
597 721 666 810 piis
687 744 724 791 se
746 724 926 797 contemni
948 723 1105 795 senserit.
1155 742 1259 791 roum
1276 718 1378 795 filios.
1404 717 1594 793 'Petamus
1613 719 1723 810 igitur
1740 733 1776 791 et
1795 734 2026 813 expectemus
2037 720 2143 795 a-lleo

114 823 227 897 Volui
245 825 351 896 etiam
371 841 406 897 te
426 826 539 916 legere
560 818 723 893 Sturmis'
748 828 794 897 ad
824 848 882 897 me
899 824 1106 919 epistolam.
1157 820 1330 893 auxilinm
1356 832 1393 892 et
1415 821 1670 897 defensionem.
1714 818 1835 905 „thee
1868 821 1948 915 ipsa
1980 826 2144 897 resitent‘n

681 934 684 939 “
1156 924 1229 994 iere
1245 923 1404 1016 quotidie
1416 924 1461 1003 ad
1476 946 1535 993 me
1548 924 1743 993 multorum
1759 922 1900 995 litteris·
1911 924 2143 1016 perrefihitur.

1157 1022 1341 1095 Bonorum
1364 1024 1496 1095 iudicia
1517 1024 1664 1097 deictis
1682 1020 1881 1109 llemibus,
1912 1039 1952 1097 et
1975 1026 2096 1113 dolor,
2107 1040 2142 1101 a

1157 1138 1240 1197 vota
1253 1126 1327 1197 fere
1344 1125 1478 1219 ubique
1492 1126 1737 1211 consentiunt,
1752 1126 1800 1197 td
1822 1151 1970 1222 quoque
1986 1128 2142 1217 significat

1157 1227 1362 1318 impendere
1388 1251 1508 1299 rerum
1528 1223 1744 1321 μεταβολὴν
1771 1229 1928 1303 fatalem.
1995 1228 2067 1301 Sed
2091 1232 2140 1302 de·

1157 1329 1249 1404 sino.
1299 1326 1406 1400 Brevi
1425 1353 1544 1401 coram
1559 1331 1674 1424 plura.

1186 1500 1190 1513 ι
1259 1453 1461 1557 Apollonio
1483 1460 1639 1534 libenter
1669 1454 1852 1553 §radicati
1878 1454 2016 1539 sumus.
2065 1462 2140 1537 Nan

1159 1584 1223 1653 ego
1251 1562 1396 1656 quidem
1420 1562 1531 1655 magis
1552 1564 1702 1655 dignum
1717 1562 1837 1634 iudico
1850 1558 1920 1633 boc
1934 1566 2067 1654 gradu,
2091 1568 2139 1661 qui

1160 1663 1218 1733 vel
1247 1665 1406 1754 exiguam
1431 1664 1641 1757 particulam
1661 1659 1828 1759 Physieea
1853 1666 2003 1753 didicit,
2040 1672 2076 1738 et
2095 1668 2140 1737 vel

1160 1788 1270 1857 pauca
1284 1766 1386 1836 novit
1400 1768 1577 1853 remedia,
1602 1790 1709 1862 quam
1721 1766 1786 1859 qui
1800 1778 1915 1838 totum
1930 1766 2141 1841 Tartaretun

114 924 217 999 Bene
231 927 319 1003 vale.
400 978 405 989 .
789 964 793 973 ·

289 1060 295 1073 ·
807 1022 1007 1121 Philippus.

117 1392 186 1470 No.
198 1390 312 1472 2456.
397 1398 400 1403 ’

124 1490 296 1523 w·-

376 1561 542 1646 roam.
578 1557 835 1677 Conrerario.

189 1741 275 1817 Epist.
288 1741 322 1799 sd
334 1740 475 1799 caman.
486 1757 515 1813 p.
525 1740 578 1797 888
587 1757 631 1812 sq.
651 1740 707 1806 (ed.
722 1741 813 1797 Loud
827 1738 879 1796 tv,
891 1757 935 1814 ep.
948 1741 1033 1813 16η.

900 1399 995 1483 (mod
1003 1398 1110 1482 Mau.)

919 1491 1091 1523 Μ

120 1893 282 1977 Clariss.
307 1908 339 1971 et
365 1907 436 1997 opt.
463 1897 540 1968 viro
563 1894 594 1968 I
599 1890 813 1970 oncdimo
837 1888 1112 1972 Comerorro

282 1997 554 2096 Bambergensi
576 1999 696 2071 amico
719 2026 788 2073 suo
814 2000 942 2077 eariss.

121 2114 166 2208 S.
190 2133 237 2212 D.
286 2130 366 2206 Etsi
388 2135 488 2224 digni
507 2148 590 2206 sunt
613 2126 887 2227 reprehensione
910 2132 1055 2210 ‹idsiva
1077 2152 1113 2212 ct

121 2238 199 2309 eius
212 2229 465 2331 παραστάται,
491 2250 610 2307 tamen
625 2260 691 2306 nos
705 2261 779 2307 non
801 2237 911 2321 odiis,
937 2264 1011 2308 non
1035 2264 1111 2310 sce-

122 2339 196 2412 lere
211 2353 342 2410 certare
357 2362 438 2410 cum
454 2338 540 2429 ipsis
559 2339 735 2431 opoltuit,
763 2341 825 2409 sed
843 2338 960 2431 potins
984 2367 1113 2412 consu-

122 2441 197 2511 lere
217 2438 416 2523 Ecclesiae,
439 2441 590 2530 patriae,
612 2440 744 2530 gloriae
760 2438 847 2526 Dei,
880 2443 1033 2536 deniquo
1058 2447 1112 2513 sa-

123 2567 202 2615 eere
234 2543 332 2637 quod
360 2541 465 2611 nobis
498 2542 646 2631 dignum
683 2557 772 2626 erat,
805 2567 878 2613 non
904 2549 997 2637 quod
1020 2546 1092 2614 illis

122 2643 328 2739 praesertim
343 2667 424 2715 eum
438 2656 531 2714 recte
546 2645 707 2714 faciendo
724 2644 828 2713 etiarn
845 2646 1023 2716 securitati
1044 2672 1111 2717 no-

121 2760 215 2817 strae
225 2745 360 2838 optime
370 2746 644 2819 consuleremus.
693 2742 796 2815 Hanc
811 2744 885 2815 diri
902 2748 1111 2818 seutentiam

119 2847 163 2919 ¹in
185 2849 305 2919 eadem
330 2869 468 2928 caussa,
502 2848 548 2917 de
570 2869 639 2939 qua
660 2870 758 2917 nunc
779 2860 863 2918 sunt
877 2849 1112 2920 deliberatio-

123 2972 208 3035 nes,
241 2960 324 3018 ante
345 2947 544 3033 sexenium,
578 2948 650 3016 diri
679 2971 780 3039 saepe
803 2963 932 3041 postea
991 2946 1044 3022 Ae
1071 2953 1110 3021 in

121 3051 353 3123 conventibus
376 3051 511 3139 ingenti
533 3073 613 3118 cum
635 3051 773 3135 dolore,
812 3052 886 3119 vidi
912 3048 1009 3120 aliud
1044 3055 1112 3143 agi,

120 3177 194 3223 non
208 3153 262 3222 fui
278 3152 505 3243 approbator.
554 3147 632 3220 Etsi
649 3152 756 3241 igitur
769 3151 895 3221 absens
916 3178 1017 3243 saepe
1040 3155 1110 3224 iam

121 3259 165 3325 de
185 3252 411 3345 Spirensibus
431 3252 518 3323 rixis
542 3253 677 3343 cogito,
710 3276 775 3322 nee
798 3255 911 3325 multo
936 3257 1111 3326 minorem

121 3357 220 3447 capio
235 3355 395 3426 dolorem
409 3354 533 3446 procul
549 3348 635 3423 haee
649 3354 832 3446 aspiciens,
856 3369 973 3426 tamen
991 3359 1111 3428 abesse

120 3482 178 3527 me
198 3459 345 3546 gaudeo.
404 3454 504 3544 Quid
532 3469 705 3540 struatur,
744 3480 815 3549 quo
844 3450 930 3527 haee
957 3459 1110 3530 absurda

122 3558 271 3629 consilia
287 3581 432 3626 evasura
448 3557 539 3641 sint,
562 3557 663 3626 brevi
679 3558 900 3641 videbimus,
923 3560 954 3629 si
968 3586 1033 3630 nos
1056 3563 1109 3631 sa·

119 3674 197 3732 turn
218 3672 340 3748 urget,
377 3656 443 3726 scis
467 3681 534 3727 nos
555 3671 656 3728 antea
679 3682 781 3750 saepe
806 3654 975 3750 ἀμαθίας
998 3659 1109 3736 ἐνίων

120 3755 323 3858 φιλοσοφίᾳ
336 3754 409 3830 τινὶ
422 3753 447 3852 ἢ
462 3755 724 3854 aesculapium,
755 3755 781 3853 ἢ
794 3756 858 3831 καὶ
879 3762 1109 3859 ἐπανορθω-

118 3860 221 3938 κέναι
240 3861 337 3934 θεοῦ
359 3858 635 3955 κυβερνῶντος,
667 3857 731 3933 καὶ
754 3858 916 3954 εὐμενῶς
924 3890 1108 3965 χειραγω-

118 3969 287 4066 yonnae.
337 3961 442 4034 Nune
464 3962 512 4033 ita
537 3964 735 4034 deformant
756 3978 791 4035 et
812 3988 885 4034 sese
905 3981 939 4036 et
951 3992 1108 4039 caussam

117 4068 310 4163 optimam,
339 4078 379 4135 ut
400 4087 466 4134 nos
489 4065 533 4134 de
554 4064 659 4134 nobis
681 4064 766 4156 ipsis
788 4068 931 4136 tandem
956 4071 1109 4160 cogitare

111 4182 254 4260 cogant.
285 4165 370 4237 Noti
385 4180 468 4238 sunt
483 4166 554 4235 mei
569 4190 763 4254 sermones,
788 4182 822 4239 et
834 4183 952 4240 extant
967 4172 1007 4240 in
1022 4172 1109 4241 scri-

115 4273 188 4365 ptis
210 4269 481 4360 significationes
504 4268 574 4337 mei
595 4268 748 4352 doloris,
787 4293 878 4361 quae
906 4274 1108 4359 ostendunt,

116 4398 173 4443 me
189 4367 281 4442 hanc
296 4366 522 4463 sophisticam
537 4369 651 4439 multo
675 4384 756 4440 ante
776 4383 809 4440 et
832 4370 1048 4462 improbasse
1073 4390 1108 4448 et

116 4474 335 4545 formidasse.
371 4469 486 4543 Erant
499 4471 599 4541 aulae
615 4473 795 4564 quondam
809 4471 990 4567 aliquanto
1007 4476 1107 4545 simi-

116 4575 224 4646 liores
245 4577 293 4667 τῇ
316 4567 598 4669 ἀριστοκρατίᾳ,
640 4595 737 4641 nunc
759 4568 988 4671 ὀλιγαρχικαὶ
1012 4593 1107 4663 sunt,

113 4677 278 4750 ridentur
301 4688 336 4746 et
358 4674 597 4767 exploduntur
616 4668 842 4745 scholasticae
857 4677 1045 4768 opiniones
1067 4695 1108 4751 ut

114 4793 261 4864 vocant,
282 4777 378 4870 quod
393 4776 512 4846 minus
526 4775 691 4861 mirarer,
715 4776 832 4870 siquid
848 4793 935 4850 esset
950 4776 1106 4851 Alexan·

115 4885 239 4953 dreum
260 4894 322 4951 aut
336 4872 538 4949 Achilleum
564 4878 610 4947 iu·
624 4872 700 4963 his,
723 4879 785 4971 qui
799 4873 1026 4953 scholasticos
1042 4886 1105 4953 de-

10 5026 18 5039 ,
114 4986 253 5067 rident,
285 4980 346 5051 sed
370 5002 435 5065 uec
449 4976 584 5049 Linum
608 4979 737 5072 opinor
753 4976 925 5051 Hercules
945 4998 1104 5056 contem-

49 5158 55 5167 ,
112 5087 195 5180 psit.
242 5080 321 5155 Hac
335 5096 407 5153 tota
424 5083 520 5151 dere
541 5103 724 5173 nunquam
748 5081 912 5175 cuiquam
935 5087 1019 5156 satis
1042 5111 1103 5159 ex·

1078 1900 1085 1917 ·
1160 1867 1247 1937 sciat
1273 1863 1601 1961 ἀποστοματίζειν,
1634 1866 1699 1939 etsi
1721 1862 1783 1938 hie
1809 1886 1956 1963 quoque
1983 1863 2141 1942 limenas

1161 1965 1420 2064 ἐπαριστερούς
1438 1965 1544 2051 τινὰς
1555 1962 1757 2055 Κάτωνας,
1781 1981 1823 2040 ut
1842 1969 1918 2063 ipse
1935 1968 2054 2043 Senex
2066 1969 2139 2044 Crto

1161 2071 1299 2162 ineptos
1321 2072 1515 2143 imitatores
1535 2096 1618 2144 snos
1639 2072 1800 2145 vocabat.
1849 2068 1907 2142 De
1923 2071 2140 2168 inscriptions

1160 2170 1366 2267 [inreverenti
1388 2169 1505 2242 Amici
1526 2166 1690 2267 nostri')
1712 2172 1801 2268 quid
1823 2172 1899 2266 spei
1919 2196 1996 2244 esse
2021 2177 2140 2269 potest?

1160 2274 1294 2344 Natura
1309 2277 1392 2346 satis
1406 2274 1500 2346 bona
1517 2287 1553 2345 et
1567 2274 1724 2348 liberalis
1740 2285 1791 2344 est
1809 2270 2138 2371 eiusPrincipis⁰⁴l

1161 2374 1231 2447 Sed
1254 2398 1320 2446 nee
1340 2371 1590 2468 Xenophontis
1611 2400 1677 2447 nee
1692 2372 1894 2446 Aristotelis
1915 2376 2137 2471 olnorqrurdr'

1160 2477 1256 2566 legit.
1312 2476 1410 2549 Bene
1434 2478 1514 2547 vale
1539 2492 1574 2550 et
1597 2478 1761 2551 rescribe.
1820 2474 1908 2548 Dixi
1939 2470 2136 2579 Apollonii,

1101 2600 1111 2633 ι
1159 2579 1276 2648 vereri
1298 2604 1374 2665 me,
1408 2593 1450 2650 ut
1481 2579 1550 2650 sibi
1583 2582 1750 2651 vestrates
1773 2577 1937 2650 satisfieri
1960 2582 2134 2673 patiantur,

1161 2681 1297 2751 etiamsi
1321 2706 1343 2751 a
1363 2681 1468 2752 nohis
1490 2681 1599 2754 suerit
1618 2694 1782 2767 ornatus,
1807 2682 1869 2753 sed
1884 2682 1924 2753 id
1939 2675 2134 2755 Anrbads’o

1161 2795 1196 2855 et
1209 2774 1368 2853 Philoni
1380 2806 1484 2855 curae
1501 2782 1557 2855 sit·

1724 2908 1915 3010 Philippus
1929 2910 2098 2989 Melanth.

1159 3263 1227 3334 No·
1241 3260 1362 3340 2457,

1165 3354 1338 3393 W

1988 3270 2130 3341 nullm.

1491 3424 1565 3513 Ge.
1593 3424 1837 3539 Spoletina.

1226 3604 1348 3683 Epistola
1361 3606 1395 3661 ad
1408 3605 1577 3679 Spalatinum
1591 3604 1618 3662 d.
1631 3606 1658 3662 d.
1673 3605 1719 3662 21.
1733 3606 1816 3665 Mur.
1835 3607 1911 3666 1⁵42.
1924 3609 2072 3683 incipiens:
2086 3614 2133 3669 8·-

1258 3696 1315 3745 per
1333 3676 1385 3731 tibi
1401 3676 1561 3745 sr'pnsfieour'
1577 3686 1631 3731 etc.
1656 3676 1795 3748 legebatur
1818 3678 1846 3730 in
1868 3678 2019 3735 llummelii
2036 3680 2132 3737 (lallare¹
2172 3736 2174 3747 Ι

1260 3747 1292 3802 Τ.
1308 3748 1328 3801 l.
1348 3765 1375 3817 p.
1388 3748 1448 3811 47..
1465 3763 1548 3818 quarn
1563 3754 1653 3798 autern
1667 3744 1765 3801 habere
1776 3744 1917 3803 mibi÷non
1931 3750 2058 3823 contigit.
2172 3750 2174 3771 ³

1169 4102 1238 4177 No.
1254 4098 1370 4175 2458.

1163 4198 1376 4238 Μ

1985 4112 2045 4179 24·
2059 4106 2133 4175 ttae

1973 4197 2130 4233 *m

1508 4282 1572 4367 M.
1601 4279 1805 4371 Crudelio.

1320 4461 1409 4535 τρια.
1425 4462 1472 4519 ru.
1485 4460 1521 4519 v.
1537 4479 1564 4535 ρ.
1574 4459 1626 4519 sss
1637 4480 1680 4536 eq.

1155 4612 1213 4688 M
1216 4643 1325 4690 arco
1346 4609 1383 4693 C
1390 4615 1524 4692 rodel
1531 4617 1574 4690 io'
1596 4616 1848 4716 (gubernanti
1868 4614 2043 4697 scholam
2058 4620 2138 4699 Tor·

1539 4720 1777 4819 gavisuram.)

1153 4834 1200 4927 S·
1224 4853 1271 4934 D.
1320 4854 1375 4927 De
1391 4857 1476 4926 vino
1492 4854 1641 4949 gratiam
1658 4852 1773 4930 habeo
1787 4856 2140 4939 illustrissimol'rin·

1154 4957 1237 5051 cipi.
1275 4954 1355 5030 Tua
1370 4959 1476 5029 etiam
1490 4953 1582 5029 mihi
1595 4960 1784 5046 sedulitas,
1807 4962 1860 5033 mi
1874 4956 2038 5053 Murra,
2057 4978 2140 5059 gran

1152 5072 1215 5134 est.
1265 5059 1337 5133 Sed
1351 5059 1483 5147 nolim,
1502 5073 1537 5132 te
1550 5082 1628 5133 mea
1648 5084 1768 5134 caussa
1789 5062 1913 5137 subire
1936 5066 2141 5143 offensiones

110 5187 213 5285 posui
229 5209 348 5257 meum
364 5182 543 5266 dolorem,
570 5205 615 5250 ne
636 5181 704 5253 tibi
726 5182 881 5275 quidem.
932 5183 1006 5257 Nec
1028 5188 1101 5259 ulla
1149 5232 1358 5253 ...u-...-

112 5290 248 5382 privata
269 5308 389 5357 caussa
408 5304 529 5373 angor.
551 5278 748 5369 Ecclesiae,
783 5280 889 5376 Reip.
913 5288 1042 5358 deiude
1066 5303 1101 5363 et

107 5390 269 5487 ¹ipsorum
289 5410 412 5461 caussa
440 5384 566 5472 doleo,
599 5384 664 5483 qui
686 5398 770 5457 sunt
788 5385 906 5459 fontes
927 5383 1101 5485 τοιαύτης

1150 5362 1154 5367 -
1184 5323 1350 5394 *illnclrsii
1386 5321 1492 5381 C.W.

1180 5411 1428 5489 *qttmtimin
1462 5408 1569 5469 ΟΜ.
