4522 5752
104 204 182 283 805
685 190 1119 279 EPISTOLARUM
1167 192 1276 273 LlB.
1308 192 1373 269 tx,
1428 194 1560 273 ests.
2071 204 2147 277 886

106 368 271 462 Clariss.
294 378 329 465 sl
351 382 423 473 opt.
452 371 531 457 ciro
553 365 584 443 Ι
588 362 804 444 oachimo
826 359 863 440 C
867 366 1079 439 omsrari
1086 392 1108 440 ο
1134 368 1240 473 'ferri
1262 367 1459 454 iusserunt,
1495 370 1673 452 discessit,
1710 387 1849 465 poterat
1876 388 2055 469 expectare
2082 378 2146 444 ad-

287 473 561 571 Bombsrgcnsi
579 472 699 545 amico
716 468 928 553 carissimo,
1152 483 1298 541 ventum
1320 468 1509 563 Principis.
1545 470 1644 543 ·se‹1
1677 475 1786 544 nimis
1814 492 1909 548 amat
1938 470 2097 573 φιλύρην
2108 470 2146 571 *)

103 594 156 687 S.
181 610 227 689 D·
276 608 367 681 No„
391 622 444 680 e„
465 604 558 679 mihi
579 620 641 679 tu,
669 604 829 690 bonitas,
859 603 1107 676 “intuendis
1153 585 1316 642 vestram.
1372 570 1502 645 Noster
1527 570 1697 667 Princeps
1726 572 1792 648 hac
1819 574 1944 671 hyeme
1975 580 2008 650 ei
2038 583 2147 649 donat

105 716 166 801 fi„
188 734 278 811 quo,
293 710 401 781 „mel
417 711 621 802 complexu,
638 731 688 793 εὖ,
710 707 1106 799 perpetuaconmmim
1152 672 1229 747 XI.
1242 697 1388 793 apreos,
1412 688 1453 747 ut
1468 670 1596 747 haheat
1612 678 1791 796 piaticum.
1842 677 1988 751 Interim
2009 682 2146 775 aliquid

107 840 222 911 quare
242 816 339 909 quod
359 808 428 885 τὸν
443 804 613 905 Ἀλήσιον
633 807 793 901 respicis,
819 822 882 879 tua
901 808 1031 879 virtute
1048 808 1105 877 di·
1154 777 1296 847 ‘⁰⁰⁵¹h1
1311 778 1556 871 quaerendum
1571 791 1650 853 er¹¹·

107 942 222 1011 gnum
235 917 339 1001 lacis,
370 914 497 985 vellem
522 926 556 983 et
580 935 644 1003 ego
670 911 891 1001 migrationis
915 912 1104 981 consilium
1255 906 1332 979 Hac
1348 923 1450 981 nocte
1464 910 1652 996 somniavi,
1677 934 1748 981 una
1764 914 1883 982 sedere
1896 904 2147 1009 Crucigerum,

108 1046 193 1093 eum
222 1018 399 1089 distulisse
430 1014 469 1084 in
491 1018 684 1085 adventum
710 1013 765 1083 sui
787 1010 975 1104 Principis.
1033 1011 1104 1083 Sed
1153 1002 1397 1097 Suaesnr'nm,
1431 1006 1633 1082 Blarsrum
1656 1025 1690 1083 et
1710 1037 1782 1083 me:
1817 1014 1867 1083 ihi
1892 1040 1955 1105 ego
1976 1018 2053 1087 istis
2069 1020 2145 1087 vale

108 1146 208 1193 nunc
228 1124 358 1193 frustra
379 1112 464 1188 haec
485 1118 638 1209 disputo.
689 1112 825 1185 luvabo
850 1114 967 1207 potius
986 1113 1018 1183 si
1040 1136 1105 1204 po·
1154 1112 1293 1199 dicens,
1316 1137 1357 1184 ac
1371 1114 1490 1183 nescio
1504 1140 1575 1209 quo
1590 1114 1771 1201 abiturus,
1797 1121 2006 1189 commendo
2020 1116 2146 1210 Remp.

108 1240 201 1299 tero.
258 1221 330 1294 Sed
353 1220 444 1290 illud
466 1219 596 1299 miror,
634 1239 698 1287 cur
719 1216 764 1286 ad
787 1238 845 1284 me
868 1240 943 1287 non
973 1216 1105 1289 redeat.
1152 1211 1343 1308 inquiens,
1363 1216 1479 1286 vereri
1494 1240 1551 1286 me
1564 1216 1744 1302 futurum,
1770 1231 1812 1288 ut
1827 1242 1974 1307 regnum
1991 1220 2058 1292 Dei
2077 1224 2146 1290 eri.
2221 1285 2224 1291 ,

106 1324 202 1397 Nam
216 1348 334 1395 coram
349 1320 504 1393 conferri
520 1318 667 1390 consilia
689 1317 816 1387 melius
838 1330 1013 1408 poterant.
1063 1314 1104 1387 si
1153 1314 1271 1406 piatur
1285 1312 1342 1387 his
1357 1317 1539 1409 gentibus,
1570 1332 1605 1390 et
1620 1318 1782 1390 tradatur
1796 1322 1893 1409 genti
1909 1322 2054 1392 facienti
2070 1324 2147 1393 sm.

109 1428 274 1512 estistic,
300 1436 470 1496 ettamen
488 1446 566 1492 meo
583 1419 801 1492 consiliouti
818 1420 931 1505 volet,
962 1414 1103 1491 hortare
1153 1431 1242 1501 ctus.
1290 1417 1384 1490 Sane
1400 1415 1629 1491 moveor-hoc
1647 1420 1800 1497 somnio,
1850 1420 1948 1492 Bene
1964 1425 2041 1493 vale
2066 1450 2145 1493 ,um

109 1541 153 1601 ut
173 1524 245 1599 huc
264 1528 405 1610 redeat,
432 1524 502 1593 nisi
523 1535 640 1616 sperat
660 1522 738 1591 sine
758 1533 879 1589 nostra
901 1544 1007 1613 opera
1027 1542 1103 1590 rem
1153 1519 1346 1591 domestica
1366 1518 1534 1593 Ecclesia.
1584 1520 1627 1595 Si
1649 1520 1727 1593 istic
1750 1536 1804 1595 est
1824 1518 1995 1611 Alesios,
2031 1528 2092 1596 des
2113 1527 2145 1595 ei

110 1630 238 1703 confici
254 1652 376 1722 posse,
400 1628 497 1719 quod
511 1648 595 1696 sane
610 1622 773 1717 optarim.
824 1618 878 1691 De
893 1622 1011 1694 reditu
1025 1620 1104 1692 Du·

109 1734 165 1803 cis
179 1724 370 1801 Mamicii
390 1729 460 1797 iam
484 1728 684 1809 audieram,
715 1738 751 1793 et
772 1747 897 1815 precor
911 1738 952 1794 ut
965 1724 1009 1795 sit
1025 1724 1104 1795 fau-

109 1849 187 1905 stus
202 1848 236 1905 et
250 1832 346 1904 felix.
395 1828 483 1901 Cras
496 1830 609 1920 plura.
660 1825 757 1895 Bene
773 1826 861 1899 vale.

675 1956 863 2052 Philippus
877 1952 1053 2033 Melanth.

185 2740 271 2817 epa.
285 2740 320 2797 ιι
333 2740 470 2798 emm.
487 2755 515 2811 p.
526 2736 630 2808 ersa.
648 2700 703 2807 (sa.
716 2735 804 2791 sona.
815 2734 863 2790 ιιι.
879 2734 925 2791 ιν.
938 2752 981 2805 sp.
994 2732 1066 2796 aaa.)

114 2895 278 2977 Clariss.
303 2908 336 2971 et
359 2904 431 2996 opt.
456 2894 534 2967 ciro
563 2891 591 2965 I
596 2888 807 2966 oachimo
831 2880 1108 2963 Canrerario

291 2994 566 3095 Bamberpensi
580 2996 699 3069 antico
719 3020 787 3067 suo
803 3018 931 3066 carrss.

112 3118 159 3209 S.
186 3134 232 3211 D.
283 3132 364 3205 Non
381 3134 582 3223 negandum
598 3145 649 3201 est
663 3130 798 3223 aliquid
813 3151 886 3197 esse
903 3126 990 3207 loci,
1022 3126 1108 3195 ‹lili-

114 3237 255 3331 gentiae
274 3262 314 3307 ac
328 3229 580 3327 Philosophiae
602 3246 761 3316 nostrae,
791 3232 829 3300 in
852 3229 1108 3319 gubernatione

113 3340 273 3433 Reipuh.
331 3336 401 3407 Sed
430 3349 473 3405 ut
498 3336 537 3402 in
568 3334 790 3424 navigatione
810 3346 1017 3415 ventorum,
1059 3331 1106 3400 ita

111 3446 272 3515 satorum
292 3440 333 3511 in
355 3436 518 3529 lmperiis
539 3437 702 3506 miranda
726 3434 780 3504 vis
803 3446 865 3506 est.
923 3432 1035 3523 Saepe
1057 3446 1108 3502 est

112 3543 273 3615 monitus
294 3543 498 3615 adolescens
507 3532 565 3634 ⁸),
600 3538 664 3632 qui
684 3536 833 3629 imperat
855 3535 927 3604 illis
951 3533 1109 3605 Franco-

111 3670 217 3731 rum,
244 3654 468 3736 nepotatur,
499 3640 695 3709 maioribus
711 3636 930 3733 Sycamhris,
963 3648 1004 3706 ut
1025 3658 1108 3707 sua·

112 3772 198 3819 rum
214 3747 398 3837 regionum
412 3742 529 3812 aditus
543 3741 698 3811 muniret
713 3738 909 3831 praesidiis.
960 3735 1029 3807 Sed
1047 3748 1109 3807 aut

113 3872 244 3943 parum
260 3848 339 3916 fidis
352 3846 466 3917 utitur
478 3840 720 3924 consiliariis,
751 3854 814 3911 aut
834 3841 953 3931 inepte
974 3842 1109 3933 φιλαρ-

112 3942 259 4052 γύροιςε
282 3948 389 4017 miras
404 3947 478 4035 ipse
494 3946 633 4027 sordes,
658 3942 766 4011 miras
779 3942 931 4033 ineptias
945 3941 1108 4009 animad-

114 4054 220 4125 verti.
270 4050 420 4121 Nostrae
433 4070 516 4117 vero
535 4068 675 4115 caussae
692 4043 804 4114 multo
827 4057 929 4113 erant
951 4042 1109 4138 iniquio-

114 4176 193 4239 res,
217 4176 322 4247 quam
337 4148 460 4221 vicini.
509 4144 615 4217 Nunc
636 4144 782 4216 mittunt
803 4138 1010 4241 πρεσβείας.
1060 4139 1108 4214 Et

114 4278 246 4347 magna
267 4251 456 4323 solicitudo
478 4248 610 4319 nostris
633 4245 761 4318 iniecta
783 4259 847 4320 est.
896 4244 970 4315 Nec
994 4244 1109 4317 exitus

113 4354 285 4431 humanis
300 4350 512 4426 coniecturis
527 4348 681 4443 prospici
695 4360 820 4441 potest.
850 4341 987 4417 Thema
1001 4346 1107 4437 etiam

115 4460 187 4531 tibi
199 4455 321 4537 mitto,
352 4454 449 4549 quod
463 4447 554 4521 mihi
568 4474 643 4521 non
661 4452 791 4541 placet,
823 4459 859 4518 et
878 4448 923 4518 de
945 4471 987 4517 eo
1006 4469 1108 4539 saepe

116 4565 158 4633 in
181 4560 261 4631 aula
284 4580 361 4627 snm
386 4554 606 4625 vaticinatus.
656 4550 773 4622 Deum
795 4572 954 4633 oremus,
978 4562 1019 4621 ut
1034 4570 1109 4619 ser·

116 4678 179 4735 vet
191 4658 368 4733 Ecclesias
382 4669 416 4727 et
432 4654 550 4727 studia
564 4652 667 4726 utilia
679 4648 858 4724 Ecclesiae
869 4674 964 4725 suae.

220 4791 275 4866 De
290 4786 426 4863 Iacobo
447 4788 554 4858 velim
578 4802 613 4859 te
632 4780 722 4855 mihi
744 4783 968 4875 respondere.
1019 4772 1108 4849 Ate-

116 4898 199 4973 sius
222 4912 314 4969 recte
337 4894 482 4990 quidem
505 4887 714 4979 disputavit:
746 4884 996 4975 Magistratum
1015 4882 1109 4973 poli-

116 5004 229 5077 ticum
243 5000 372 5069 dehere
386 4986 554 5078 κολάζειν
567 4982 756 5083 πορνείας,
783 5011 863 5058 cum
879 4986 982 5056 aliter
1001 4984 1110 5054 dixis*

116 5122 169 5179 set
184 5105 275 5175 alter
289 5096 446 5195 quidam.
497 5091 599 5163 llanc
614 5091 908 5184 disputationem,
939 5084 1022 5181 qnia
1038 5086 1109 5156 dif-

113 5274 346 5301 ...n—¹⁶⁸⁸·-

151 5387 184 5457 *l
201 5384 268 5441 Dur
281 5374 448 5433 luliacensis.
472 5371 505 5429 C.
521 5370 578 5427 W.

1152 1614 1218 1691 has
1234 1618 1424 1713 Epistulas.

1699 1834 1704 1843 Ι
1805 1739 1900 1818 Phil.
1917 1742 2094 1820 Melanth.

1158 1976 1879 1997 “W-*⁹*U-”w—mffla.-
1884 1986 2033 1999 ..Μ
2043 1988 2071 1999 ·.

1564 2322 1734 2415 Eidenr.

1214 2495 1299 2567 Epist.
1312 2498 1345 2553 sd
1360 2496 1496 2554 Gamerae.
1510 2517 1538 2572 p.
1548 2500 1600 2555 417
1614 2522 1654 2575 sq.
1672 2504 1727 2570 (ed.
1740 2502 1827 2561 Lond.
1842 2505 1889 2563 lib.
1902 2504 1949 2563 lV.
1964 2528 2006 2581 ep.
2018 2510 2091 2581 290.)

1157 2648 1381 2727 Clarissimo
1402 2666 1433 2727 et
1455 2656 1590 2752 optimo
1613 2658 1690 2731 ciro
1715 2657 1746 2732 I
1750 2657 1961 2736 oachimo
1986 2662 2145 2741 Came-

1323 2783 1372 2828 ra
1383 2758 1454 2829 rio
1478 2755 1615 2837 Bamb.
1634 2762 1754 2835 amico
1769 2789 1838 2838 suo
1854 2766 1982 2839 caries.

1155 2872 1203 2961 δ.
1228 2891 1274 2967 D.
1324 2888 1415 2961 Heri
1437 2896 1669 2987 asscripturus
1690 2921 1786 2969 eram
1809 2900 1938 2972 litteris
1961 2898 2146 2977 historiam

1157 2994 1203 3063 de
1213 2992 1313 3064 Duce
1326 2987 1540 3082 Mauricio,
1566 3000 1624 3085 sed
1639 3023 1714 3069 non
1728 2999 1857 3073 licebat
1871 3004 2042 3093 prolixius
2057 3012 2146 3079 scri-

1156 3094 1251 3170 bere.
1303 3093 1347 3163 ln
1368 3098 1521 3187 praelio,
1546 3102 1643 3192 quod
1669 3125 1750 3171 cum
1766 3100 1894 3173 'l'urcis
1919 3110 2145 3180 commissum

1158 3212 1225 3281 est,
1261 3198 1368 3267 audio
1399 3222 1480 3267 eum
1518 3204 1671 3293 quadam
1701 3204 1950 3293 magnitudine.
1974 3210 2084 3279 animi
2111 3228 2146 3283 et

1157 3300 1325 3369 aviditate
1339 3322 1477 3389 pugnae
1492 3299 1632 3392 longius
1654 3318 1857 3395 provectum
1880 3332 1970 3391 esse,
2004 3325 2038 3380 et
2067 3312 2146 3381 illa-

1157 3416 1232 3471 turn
1247 3403 1286 3469 in
1302 3425 1426 3491 agmen
1444 3400 1664 3489 Turcorum,
1696 3406 1760 3475 uhi
1784 3411 1869 3477 dum
1885 3410 2028 3484 dimicat
2043 3416 2146 3485 sorti-

1158 3518 1226 3588 ter,
1253 3526 1365 3597 equus
1380 3502 1528 3575 labitur:
1556 3506 1710 3599 collapso
1724 3506 1859 3581 instant
1874 3510 2003 3598 Tucci,
2029 3528 2064 3584 et
2079 3511 2146 3585 ho-

1155 3606 1220 3677 stis
1243 3605 1315 3674 iam
1337 3628 1457 3675 necem
1480 3606 1635 3699 principi
1657 3610 1834 3695 minatur,
1875 3638 1954 3683 curn
1982 3641 2075 3687 unus
2104 3645 2146 3689 ex

1156 3706 1378 3779 Satellitibus
1398 3700 1618 3779 Rihischius
1641 3709 1802 3781 Tuscum
1822 3714 1942 3800 illum,
1979 3721 2041 3812 qui
2065 3745 2146 3790 cor-

1156 3808 1236 3900 pori
1260 3807 1437 3900 Principis
1460 3810 1644 3900 vestigium
1673 3814 1910 3905 impresserat,
1949 3820 2145 3908 obtruncat,

1156 3909 1298 4002 repellit
1315 3926 1478 3985 caeteros.
1516 3912 1585 3983 Sed
1603 3907 1823 3985 Ribischias
1839 3918 1911 4008 ipse
1929 3922 2049 3991 multis
2065 3927 2145 3993 rul-

1157 4011 1303 4083 neribus
1323 4013 1472 4102 acceptis
1495 4014 1546 4082 ihi
1573 4016 1799 4101 interficitur,
1829 4034 1966 4091 servato
1989 4045 2052 4092 sno
2068 4022 2144 4095 Do-

1156 4114 1267 4187 mino.
1336 4112 1477 4201 Quaeso
1497 4127 1538 4184 ut
1563 4110 1654 4186 hanc
1682 4114 1865 4189 historiam
1897 4145 1957 4192 sen
1988 4128 2143 4197 carmine

1156 4240 1219 4287 seu
1250 4214 1411 4285 oratione
1441 4215 1557 4286 soluta
1588 4218 1753 4291 illustres.
1809 4218 2008 4314 Epistolam
2041 4228 2144 4319 legas,

1157 4340 1262 4412 quam
1278 4316 1394 4387 scribo
1410 4310 1550 4401 Alesi03
1584 4321 1700 4391 nescio
1724 4322 1811 4414 quid
1833 4348 1972 4394 caussae
1992 4328 2059 4413 sit,
2081 4355 2144 4401 cur

1156 4444 1230 4488 non
1245 4416 1302 4487 hic
1319 4442 1456 4487 mecum
1474 4419 1661 4491 deliberet:
1694 4424 1722 4491 si
1746 4426 1830 4517 quid
1845 4428 2058 4515 suspicatur,
2083 4448 2145 4503 arn

1155 4512 1445 4615 βυσσοδομεύει,
1481 4521 1594 4590 sinain
1622 4548 1702 4594 eum
1728 4548 1808 4595 sures
1831 4552 1886 4596 res
1911 4551 2030 4618 agere,
2052 4548 2147 4604 certe·
2188 4553 2193 4563 ·

1156 4646 1234 4693 mea
1249 4635 1374 4692 natura
1388 4616 1482 4689 nihil
1496 4618 1603 4694 habet
1616 4626 1829 4697 latebrarum
1854 4642 1915 4700 aut
1935 4632 2143 4705 insidiarum

1156 4738 1198 4795 ut
1215 4724 1292 4797 scis.
1343 4722 1408 4793 Sin
1432 4736 1546 4794 autem
1571 4741 1670 4816 putat
1691 4752 1727 4801 se
1740 4732 1977 4823 perfecturum
1993 4760 2066 4806 esse
2081 4761 2144 4808 ne-

1157 4825 1293 4916 gotium
1309 4824 1385 4893 sine
1400 4826 1548 4912 nostris,
1573 4842 1659 4919 opto
1674 4834 1881 4927 προχωρεῖν
1895 4832 2058 4929 εὐτυχῶς
2077 4837 2145 4911 αὐ-

1157 4932 1211 5021 τῷ
1232 4922 1279 4997 coi
1302 4922 1537 5021 γνωσθέντα.
1596 4928 1694 5002 Bene
1719 4935 1796 5003 vale
1820 4950 1854 5005 ct
1882 4940 2049 5025 rescribe,
2082 4944 2144 5011 'die

1157 5027 1271 5098 XXV.
1290 5026 1470 5103 Octobris.

1853 5136 1947 5213 Phil.
1964 5140 2097 5217 Melan.

1159 5264 1380 5283 Ἣ

1193 5366 1225 5435 ΙΙΙ)
1243 5368 1370 5438 lipsiam.

1294 5434 1379 5516 5'6*
