4522 5752
69 72 118 207 ir
466 64 470 70 ’
619 116 1061 220 nmerouanuu
1113 118 1236 199 utu*
1257 74 1549 219 rut-'frasu
2057 120 2107 209 ct

1402 258 1415 293 l

67 294 428 387 mansuem
441 300 610 395 colloqui,
626 300 670 372 hs
680 294 891 373 mantiam
906 300 1073 369 nostiam
1116 296 1164 370 u'e
1176 300 1269 372 tanti
1278 301 1429 373 'sceleris'
1439 303 1616 395 particeps
1622 302 1766 395 decern,
1778 304 1906 397 :qoem
1918 295 2109 379 Maure

52 400 465 491 ¹eorunrunic'atam'illis
486 402 657 477 indicare.
715 400 793 493 Ego
808 392 987 492 'negabam
1008 424 1072 469 me·
1113 401 1271 472 fororem
1298 406 1462 483 retinere.
1519 404 1684 475 Post-me
1706 399 1885 475 Brentt'us
1904 403 2010 487 dixit,
2043 399 2108 479 ml

70 528 149 578 curn
166 503 350 601 quoquam
365 506 457 575 velle
479 505 655 598 colloqui,
678 505 709 573 si
727 497 848 599 non*)
869 502 1065 574 sententiae
1113 498 1299 575 Butzerus
1313 521 1383 578 tam
1398 507 1624 600 impudenter
1639 508 1717 577 'eius
1735 507 1931 577 orationem
1949 505 2107 575 interru-

68 604 209 681 noetrie
224 610 344 678 nudae
360 621 392 678 et
407 607 481 678 suis
500 608 701 678 rationibus
722 608 865 676 orbatae
886 619 1070 698 propone·
1113 607 1184 699 pit,
1208 622 1250 678 ut
1264 609 1385 681 multis
1399 609 1499 702 alapa
1516 610 1645 699 dignus
1660 609 1885 680 iudicaretur.
1935 605 2032 695 Quid
2051 617 2107 677 te-

67 725 194 783 rentur
215 709 307 781 sicut
328 705 425 794 beri,
457 732 524 779 nos
543 705 637 778 nihil
660 708 731 778 nisi
754 708 867 778 risum
889 712 949 778 a'ut
968 705 1066 775 invi·
1113 732 1196 777 men
1219 710 1458 792 effecerimus,
1488 727 1634 803 apparet
1655 736 1697 780 ex
1719 710 1967 802 responsione,
1998 730 2107 802 quarn

69 813 170 905 diam·
179 812 380 896 concitare,
404 811 515 882 satius
535 814 671 882 esseut
687 810 834 878 omnino
859 823 1064 880 taceremus.
1114 812 1226 881 nostri
1248 813 1434 887 dederunt.
1485 811 1719 903 Virtemberg.
1738 826 1775 882 et
1790 812 1995 901 Luneburg.
2018 809 2107 880 sim-

70 910 194 1004 Rogor
209 914 373 984 iteruma
389 904 605 1007 Crucigero,
632 912 719 1005 quid
735 909 901 981 Dominis
917 934 1065 1001 respon·
1113 912 1252 1004 pliciter
1281 915 1590 1000 contradixerunt,
1623 914 1774 1007 ideoque
1807 938 1888 984 cum
1920 909 2105 1004 responsio

72 1016 254 1086 dentium?
282 1016 502 1109 respondeo,
531 1030 588 1100 ut,
621 1015 722 1085 cuius
745 1014 953 1082 sententiam
975 1011 1063 1081 scire
1113 1015 1417 1100 daretnr‚-adesse
1431 1018 1635 1089 noluerunt.
1686 1014 1832 1087 Postero
1854 1015 1931 1099 die,
1956 1037 2037 1084 cum
2053 1010 2106 1083 ci·

69 1118 200 1202 velint,
231 1139 312 1186 eum
336 1130 471 1206 rogent.
523 1115 647 1187 Postea
671 1116 761 1185 sacta
785 1114 928 1184 dicendi
950 1114 1062 1183 sacul—
1112 1117 1333 1211 vesquidam
1350 1143 1429 1211 cum
1452 1118 1570 1212 equite
1595 1130 1715 1188 nostro
1738 1118 1777 1186 in
1801 1116 1979 1209 proximas
2001 1114 2110 1185 villas,

70 1233 135 1313 tete
150 1217 292 1289 lortiter
306 1217 513 1310 impugnavi
532 1242 608 1287 eam
627 1216 856 1309 opinionem,
882 1229 1062 1309 quactum
1112 1218 1160 1288 ob
1188 1222 1377 1292 emendum
1403 1215 1555 1291 Ebnero
1583 1219 1708 1290 vinum
1731 1219 1938 1298 exivissem,
1971 1215 2104 1287 retule-

72 1322 175 1392 tantis
200 1344 240 1390 ac
263 1335 335 1390 tam
355 1319 575 1391 ferventibus
588 1320 718 1391 studiis
734 1319 943 1409 agitabatur.
993 1315 1063 1388 Ca·
1112 1334 1208 1404 runt,
1232 1322 1363 1391 lamam
1376 1323 1472 1392 inter
1485 1321 1635 1392 rusticos
1649 1345 1735 1406 esse,
1752 1314 1979 1391 Groneelam
1995 1336 2104 1413 quos·
2251 1328 2255 1341 '

69 1423 136 1516 pita
152 1445 254 1492 meae
268 1422 461 1493 sententiae
478 1436 594 1494 erant:
1112 1423 1194 1491 dam
1217 1424 1384 1495 enostris
1399 1424 1547 1515 pecunia
1565 1423 1773 1513 corrupisse.
1823 1419 1873 1493 Et
1896 1417 2004 1491 hodie
2023 1430 2106 1513 post

163 1519 255 1593 Esse
279 1524 516 1616 periculosum
540 1546 659 1593 eoram
680 1519 759 1593 Deo
782 1536 816 1594 et
839 1519 1061 1610 Magistratu,
1112 1524 1319 1595 concionem
1336 1519 1539 1622 Philippus
1559 1519 1716 1595 Brentio
1737 1524 1843 1609 dixit,
1868 1524 1997 1593 lauram
2019 1543 2104 1603 esse,

10 1632 13 1649 '
74 1623 247 1696 discedere
267 1650 285 1694 a
303 1623 698 1715 formula-Hagenoensi
711 1624 769 1692 vel
789 1625 834 1693 ab
855 1647 896 1692 eo
920 1622 1061 1690 intelle·
1110 1624 1370 1697 Cancellarium
1384 1627 1558 1713 Palatini,
1578 1629 1647 1720 qui
1668 1628 1764 1697 solus
1781 1623 2104 1697 interPraesiden-

10 1728 14 1741 '
70 1742 131 1809 ctu,
153 1751 264 1821 quem
279 1725 508 1818 Magistratus
523 1727 636 1796 nostri
651 1722 867 1809 habuissent,
898 1749 978 1794 eum
996 1746 1061 1791 nos
1111 1728 1162 1798 te's
1178 1752 1312 1823 aequus
1329 1744 1363 1801 et
1378 1730 1496 1799 bonus
1512 1744 1564 1800 est
1579 1744 1720 1799 nostrae
1736 1752 1870 1812 causae,
1896 1719 2102 1796 aGranoe-

69 1828 258 1909 mitterent,
284 1851 461 1923 quemque
473 1824 582 1898 hodie
593 1829 787 1918 genuinum
802 1829 1033 1898 crederemus.
1111 1825 1151 1898 la
1172 1832 1322 1922 pecunia
1346 1845 1539 1914 tentatum,
1564 1832 1623 1899 sed
1648 1855 1723 1900 non
1737 1830 1893 1936 potuisse
1908 1824 2103 1917 cornrmpi.

165 1925 256 2000 Esse
272 1942 395 2023 turpe,
422 1931 506 2024 quia
525 1932 629 2001 toties
648 1923 830 2020 protestati
852 1950 888 1997 se
910 1927 1059 1997 faculta·
1109 1928 1244 2001 Eadem
1261 1933 1317 2004 die
1331 1958 1435 2003 mane
1450 1927 1635 2001 Beterras
1650 1935 1692 2001 ad
1707 1925 1998 2025 Landgravt'um
2015 1951 2102 2019 pro-

10 2043 15 2069 '
69 2043 135 2102 tem
151 2031 202 2102 ab
218 2054 260 2101 ea
274 2032 479 2103 discedendi
493 2056 567 2102 non
580 2027 710 2103 hahere
725 2054 746 2100 a
761 2031 833 2101 suis
849 2028 1025 2100 Dominis.
1108 2035 1218 2104 lectus
1233 2050 1300 2120 est,
1326 2035 1413 2130 quid
1434 2035 1688 2125 practicatums
1703 2034 1871 2109 nescitur.
1918 2030 2018 2120 Quid
2040 2028 2101 2100 lu·

164 2128 260 2202 Esse·
277 2134 383 2204 etiam
399 2130 513 2204 adhoc
532 2135 789 2227 periculosum,
815 2157 898 2201 nam
911 2154 984 2201 uno
1000 2154 1058 2200 ar-
1109 2148 1228 2205 turum
1246 2138 1307 2221 sit,
1333 2161 1378 2206 an
1396 2130 1612 2229 colloquium
1629 2136 1795 2227 procedat
1810 2135 1866 2205 vel
1888 2157 1980 2217 non,
2005 2153 2101 2200 noo·

66 2233 173 2304 titulo
198 2233 423 2327 Hagenoicae
449 2236 624 2307 formulae
653 2235 820 2306 derelicto
850 2257 924 2304 non
956 2255 1056 2325 posse
1107 2239 1193 2306 dum
1212 2239 1386 2309 coniicere
1406 2262 1611 2331 possumus,
1636 2241 1695 2309 sed
1718 2237 1819 2307 brevi
1838 2260 1919 2305 cnm
1941 2257 1997 2304 res
2022 2233 2097 2323 ipsa

64 2336 217 2428 amplius
232 2362 435 2431 quenquam
455 2352 576 2409 eontra
591 2338 810 2409 voluntatem
825 2334 984 2407 Caesaris
1001 2358 1056 2403 re·
1107 2339 1352 2426 declaraverit,
1387 2340 1613 2432 perscribam.
1671 2338 1796 2410 Valete
1825 2351 1861 2409 et
1891 2361 1958 2429 pro
1991 2333 2097 2404 nobis

63 2437 181 2509 lineri.
236 2437 327 2509 ltem
342 2441 386 2509 de
406 2440 493 2510 falsa
515 2439 645 2510 deinde
666 2437 956 2530 interpretatione
971 2434 1057 2520 dixi,
1107 2455 1213 2515 orate.
1264 2440 1402 2513 Dabam
1418 2436 1549 2534 Epiph.
1566 2438 1629 2516 41.

63 2562 135 2611 esse
152 2553 276 2611 contra
298 2555 461 2612 naturam
478 2542 549 2624 rei,
574 2557 697 2612 contra
716 2555 879 2611 naturam
902 2538 1057 2628 linguae,

10 2702 12 2707 .
62 2654 186 2713 contra
201 2643 413 2713 sententiam
431 2668 574 2729 eorum,
600 2644 663 2738 qui
684 2642 789 2712 nohis
811 2642 977 2711 mandata
993 2642 1057 2710 de-

60 2741 208 2849 dissent,
226 2758 349 2815 contra
363 2745 654 2817 consuetudinem
671 2732 949 2828 ecclesiasticam,
969 2765 1056 2812 con·
1105 2778 1171 2848 No·
1185 2777 1297 2848 9117·
1937 2782 1992 2847 ,00
2012 2773 2076 2839 qm

59 2859 274 2918 tresensum
290 2870 533 2932 communem,
549 2862 678 2919 contra
697 2847 913 2917 intellectum
930 2847 1055 2915 adver·
1110 2874 1283 2904 »mm
1913 2867 2086 2898 *ow-

59 2969 119 3017 sae
134 2948 264 3039 partis,
291 2961 413 3018 contra
435 2950 654 3023 intellectum
672 2947 968 3033 Praesidentium,
992 2945 1054 3039 qui
1358 2951 1566 3035 Linckiug
1590 2949 1652 3035 ad
1670 2951 1839 3035 Ionam,

59 3072 99 3117 ¹¹¹
123 3073 201 3142 ¹9⁸³
221 3063 358 3119 ³⁶¹¹⁰¹¹⁰
381 3073 430 3170 ⁵¹?
454 3076 490 3171 ⁸².
513 3052 710 3170 intethgere
731 3065 774 3169 Ψ.
791 3075 856 3120 ¹¹⁰⁵
880 3050 1053 3166 declaras
1172 3113 1250 3168 rato
1270 3134 1283 3166 2
1304 3113 1442 3168 sensato
1464 3111 1491 3165 tn
1510 3113 1594 3166 urm:
1619 3110 1708 3165 rosea.
1730 3107 1877 3163 cameraris
1898 3098 2002 3163 aes-m
2023 3106 2093 3161 eut.

59 3163 160 3235 seut,
186 3164 308 3222 contra
332 3154 586 3243 praerudrcrum
605 3154 776 3245 colloqun
796 3150 991 3241 Augustam
1015 3173 1052 3216 rn
1208 3184 1274 3238 Met.
1289 3185 1407 3237 „msto
1420 3216 1454 3224 ,,
1468 3183 1511 3236 ed.
1525 3201 1539 3232 ,
1554 3181 1690 3235 5,,Μο
1703 3178 1772 3249 phi,
1789 3178 1864 3232 1777.
1879 3178 1918 3245 8,)
1938 3195 1965 3248 p.
1979 3175 2040 3230 441.

58 3246 128 3322 lure
146 3254 383 3323 eademcausa
400 3248 524 3341 habiti,
546 3256 628 3348 quia
648 3255 721 3323 illie
738 3256 898 3323 nondun
914 3265 1052 3322 tantum
1209 3323 1216 3342 Ι
1316 3325 1323 3342 ‚
1953 3316 1961 3335 .
2068 3316 2076 3335 ι

59 3353 141 3423 aliis
155 3354 246 3423 clam
256 3356 522 3446 suggerentibus
536 3357 646 3427 locuti
663 3370 786 3441 essent,
800 3357 859 3424 sed
875 3379 939 3424 suo
954 3353 1053 3448 quis·
1103 3320 1263 3398 ΟΜΝΗ·
1286 3350 1363 3396 ‘’W‘'
1385 3323 1438 3394 D·
1458 3320 1543 3394 ΙΝ
1551 3333 1594 3394 ²⁰
1618 3319 1785 3402 1⁰⁶⁰&
1812 3316 2002 3389 E⁶⁶l⁶⁸¹⁰²
2020 3314 2093 3390 Vl·
2158 3386 2160 3390 ψ

60 3478 131 3549 que
151 3455 279 3527 ordine
303 3470 367 3530 etc.
430 3456 527 3527 Tum
550 3459 785 3545 interrogavi,
816 3458 846 3526 si
869 3455 1052 3546 Principes
1103 3427 1305 3524 tenbergen.
1320 3452 1369 3527 W
1369 3425 1550 3543 ⁰³?051l03
1568 3424 1616 3524 ss
1616 3434 1678 3493 ΜΓ
1679 3422 1695 3492 ἶ
1716 3432 1747 3494 ‘l
1770 3418 1980 3492 0m1⁹⁶⁰⁸¹¹⁰
2003 3413 2093 3491 ⁶7²⁰·

59 3557 314 3644 irascerentur,
339 3561 433 3651 quod
451 3584 470 3629 a
487 3561 639 3630 formula
657 3558 859 3649 llagenoica
873 3581 909 3627 se
925 3557 1053 3626 deduci
1513 3551 1672 3597 '1⁸51m0·

60 3659 154 3751 passi
172 3671 307 3740 essent,
328 3661 383 3730 vel
401 3662 431 3729 si
448 3663 590 3753 publico
615 3662 745 3753 scripto
767 3661 887 3732 testari
911 3661 1052 3743 vellent,
1102 3645 1272 3737 Gratiam
1288 3681 1320 3737 et
1335 3691 1453 3759 pacem
1468 3690 1487 3735 a
1503 3663 1578 3735 Deo
1602 3678 1700 3756 patre
1716 3668 1780 3754 pe'r
1792 3659 1819 3736 l.
1838 3659 1878 3735 C.
1894 3658 2093 3732 Dominum

60 3760 129 3830 sihi
157 3758 399 3850 Hagenoicam
427 3766 616 3834 lornmlam
647 3765 733 3833 salsa
762 3763 1052 3853 interpretatione
1102 3785 1281 3850 nostrum,
1307 3765 1434 3841 Amen,
1485 3766 1539 3836 Ne
1556 3767 1677 3836 videar
1701 3767 1753 3835 tui
1778 3765 1926 3847 oblitus,
1960 3764 2097 3855 optime¹
2208 3798 2215 3803 ·

59 3874 248 3946 extortam,
279 3863 404 3958 illique
429 3880 630 3936 constanter
649 3879 818 3955 negarent
840 3890 880 3933 ac
908 3863 1051 3933 mentiri
1102 3869 1210 3952 Ιοῃῃ,
1243 3885 1352 3964 utque
1375 3884 1546 3962 praestem
1570 3869 1725 3939 officium
1749 3879 1784 3936 et
1808 3866 1998 3935 amicitiam
2024 3889 2093 3934 no.

59 3977 200 4033 nostros
216 3965 395 4051 dicerent,
417 3993 463 4035 an
479 3981 596 4037 tamen
611 3969 692 4038 satis
708 3970 783 4037 lore
802 3968 996 4048 crederent,
1022 3965 1051 4033 si
1101 3987 1208 4043 stram
1232 3988 1384 4042 veterem
1405 3995 1630 4055 mmmm,
1664 3969 1802 4039 decrevi
1829 3969 1963 4037 lineriis
1985 3968 2029 4035 ad
2056 3980 2091 4036 η

59 4079 181 4136 contra
198 4078 250 4135 tot
268 4091 387 4137 causas
401 4084 493 4139 recte
510 4071 732 4159 intelligendi
755 4071 920 4139 afferrent
942 4091 1050 4137 unam
1102 4077 1205 4159 dare,
1229 4077 1350 4144 saltem
1366 4077 1482 4143 imae
1496 4073 1688 4143 voluntatis
1703 4071 1855 4154 indices,
1879 4069 2016 4139 etiamsi
2031 4092 2091 4138 η.

58 4167 183 4235 falsam
198 4167 527 4260 interpretationem
542 4173 708 4264 privatim
725 4173 819 4243 inter
834 4192 963 4261 paucos
984 4193 1050 4237 no·
1101 4201 1181 4246 rum
1201 4178 1344 4245 marei-ia
1368 4176 1414 4246 sit
1440 4176 1568 4249 inanis,
1620 4171 1674 4243 De
1694 4175 1801 4243 rebus
1820 4185 1856 4242 et
1876 4171 1961 4240 attis
1982 4165 2091 4239 huin,

39 4266 117 4337 'ctu
139 4269 181 4336 in
200 4271 365 4340 convivio
381 4273 419 4341 in
444 4273 529 4342 vino
551 4287 676 4347 ortam.
729 4272 819 4342 Nam
842 4273 1052 4362 praetende·
1101 4293 1294 4349 conventus
1310 4277 1469 4347 existimo
1494 4292 1528 4349 te
1551 4275 1635 4346 satis
1649 4275 1786 4345 edoceri
1804 4297 1868 4364 per
1883 4288 1980 4356 tuos,
2004 4266 2090 4343 hinc

58 4369 164 4454 hints
203 4393 241 4439 ὅθ
273 4395 314 4440 ²¹
341 4367 532 4443 Grssmla
566 4375 795 4459 lssltflexlsse,
834 4375 929 4467 q¹¹⁰d
965 4367 1050 4441 haec
1100 4393 1238 4470 praeter
1252 4405 1325 4449 rem
1342 4379 1502 4449 existimo
1517 4381 1560 4448 de
1575 4373 1632 4446 his
1645 4379 1756 4448 multa
1773 4376 1935 4447 scribere.
1978 4371 2089 4444 Sede-

58 4471 204 4543 deheret
230 4495 304 4543 esse
329 4477 502 4546 sententia
534 4478 707 4547 formulae
731 4474 955 4566 Hagenoicae
985 4488 1050 4546 ete.
1100 4506 1178 4550 mus
1193 4477 1250 4550 hic
1264 4483 1302 4550 in
1318 4483 1435 4550 medio
1451 4481 1688 4572 scorpionum,
1709 4492 1741 4549 ei
1758 4477 1907 4570 practice
1921 4476 2089 4547 discimus

57 4570 158 4661 Qlfid
175 4573 204 4643 Sl
221 4591 366 4665 negaret
380 4580 441 4647 lll‘
463 4592 523 4648 ³1st
542 4580 692 4665 fldem,
718 4603 783 4648 ¹¹⁰⁵
801 4578 909 4646 verba
927 4577 1051 4646 convi—
1099 4584 1316 4653 intellectum
1331 4585 1523 4653 multarum
1539 4583 1813 4673 scripturarum,
1840 4581 1934 4672 quod
1951 4579 1999 4649 sit
2017 4578 2089 4648 lin—

55 4675 374 4767 valiapraetulisse
388 4681 542 4772 puhlicis
557 4681 668 4750 actis?
1099 4709 1165 4775 gua
1189 4686 1329 4770 dolosa,
1361 4686 1457 4779 quod
1484 4678 1732 4753 omnishomo
1756 4683 1918 4756 mendax.
1976 4677 2086 4773 Eripe

158 4774 204 4846 ln
230 4773 322 4850 hanc
341 4783 550 4853 sententiam
582 4807 662 4852 cum
680 4782 793 4852 fusius
820 4802 1049 4875 perorassem,
1098 4812 1154 4856 me
1168 4784 1322 4857 Domine
1337 4789 1383 4857 ab
1399 4781 1546 4856 homine
1564 4786 1659 4856 malo
1681 4800 1745 4858 etc.
1794 4782 1878 4854 Non
1901 4784 1996 4852 enim
2017 4784 2088 4853 nisi

54 4877 220 4973 plerique
234 4883 371 4955 occulte
389 4886 585 4955 fremebant
607 4897 643 4956 et
663 4885 957 4973 indignabantur,
982 4907 1051 4951 no-
1097 4885 1234 4958 tecbnis
1255 4891 1371 4980 agitur
1388 4889 1591 4971 nobiseum,
1616 4888 1705 4957 fucis
1727 4910 1767 4956 ac
1787 4887 1898 4970 dolis,
1923 4880 2087 4977 nihilque

54 4991 127 5049 ⁸101
142 5005 297 5076 quoque.
344 4984 416 5057 Sed
433 5010 496 5078 ego
510 5012 585 5057 non
602 5011 699 5058 curo.
740 4985 840 5073 Malo
857 5009 978 5057 causae
988 4978 1048 5080 **)
1097 4992 1215 5061 minus
1230 4992 1428 5085 quaeritur,
1454 5014 1561 5085 quam
1579 5002 1618 5058 ot
1638 4976 1857 5082 colloquium
1880 5012 1962 5067 vere
1977 4981 2086 5058 Chri·

1097 5095 1252 5163 stianum
1276 5089 1459 5166 habeatur.
1517 5090 1799 5184 Interpretantur
1823 5106 1940 5161 autem
1965 5089 2087 5158 decre-

84 5228 113 5298 t)
132 5232 217 5285 non?
235 5262 272 5274 ..
289 5231 378 5287 Puto:
398 5236 473 5288 enim
491 5235 665 5291 scribendum
682 5255 748 5292 ene.
1096 5208 1172 5265 tum
1187 5194 1418 5286 Hagenoense
1437 5208 1472 5265 et
1485 5190 1644 5266 Caesaris
1665 5192 1874 5286 rescriptum
1889 5193 1934 5261 de
1954 5204 2099 5262 secreto.

83 5314 133 5382 ”J
153 5317 279 5370 musae?
296 5349 333 5361 -
352 5318 463 5373 Potius:
481 5322 678 5377 eonscientiae.
1097 5311 1133 5368 et
1147 5298 1285 5390 privato
1306 5298 1494 5393 colloquio.
1552 5295 1672 5385 Quare
1696 5320 1770 5365 non
1794 5296 1954 5367 obstante
1978 5293 2087 5384 longo
