4522 5752
107 210 181 285 881

114 483 201 555 vale.

822 579 919 660 Phil.
946 582 1034 655 Mel.
1069 604 1073 617 ·

546 768 1091 807 Μιμ-

127 918 195 994 Νο.
211 914 326 994 2505.

120 1016 330 1059 m

390 1098 542 1184 Ioocb.
576 1096 836 1186 Camerario.

85 1224 88 1229 Ι
185 1278 269 1353 Epist.
283 1278 318 1335 ad
330 1276 467 1336 Cameren
486 1297 513 1350 p.
526 1275 587 1334 898.
606 1277 662 1349 (ed.
676 1276 763 1333 Lond.
779 1276 827 1335 lib.
839 1272 888 1334 IV.
903 1295 944 1350 ep.
957 1276 1030 1347 271.)

952 926 1010 992 26.
1024 919 1094 985 Iun.

936 1012 1108 1077 ὙΝ

118 1432 279 1512 Clariss.
300 1444 333 1507 et
359 1443 431 1533 opt.
458 1432 535 1507 viro
555 1431 587 1507 I
589 1426 799 1511 oacttmo
830 1426 1109 1507 Cametas-io

294 1533 566 1632 Bombergensi
582 1536 703 1608 amico
716 1560 785 1609 suo
802 1533 930 1611 caries.

117 1656 160 1745 S.
187 1668 233 1748 D.
282 1670 452 1743 Libenter
476 1671 559 1742 dedi
580 1672 714 1745 litteras
738 1686 802 1745 tuo
824 1672 1017 1765 discipulo,
1038 1666 1107 1745 ho·

117 1776 208 1847 mini
221 1769 383 1873 γνησίως
399 1765 569 1873 φρᾶγκῳ.
620 1770 686 1845 Est
704 1774 797 1845 enim
811 1786 975 1846 etractus
996 1787 1031 1845 et
1052 1776 1108 1845 ol'-

118 1877 259 1947 liciosus
276 1876 486 1959 admodum,
519 1887 555 1944 et
575 1874 680 1945 nobis
701 1888 848 1969 propter
870 1887 967 1947 tuam
985 1876 1107 1947 amici·
1182 1944 1186 1953 ,

117 1977 205 2049 tiam
220 1976 426 2049 devinctior.
476 1970 566 2065 Aget
586 1975 666 2047 istic
687 1977 862 2070 quaedam
874 1976 1027 2048 forensia
1043 2001 1107 2049 ne-

118 2079 213 2171 gotia
230 2078 361 2163 soceri,
383 2078 444 2147 scd
459 2089 501 2147 ut
516 2090 549 2147 te
566 2078 721 2164 videret,
745 2078 885 2149 avidius
904 2077 972 2148 iter
990 2100 1108 2150 susce-

117 2180 183 2273 pit.
232 2177 336 2269 Rogo
357 2192 496 2262 autem,
528 2191 570 2249 ut
589 2179 752 2250 redeunti
774 2179 910 2273 aliquid
930 2181 991 2249 des
1013 2180 1109 2251 litte-

101 2276 239 2353 'rarum
264 2284 308 2350 de
332 2277 402 2349 tuis
424 2279 531 2349 rebus
552 2292 585 2349 et
601 2281 645 2349 de
659 2280 812 2361 familia,
838 2304 943 2373 quam
957 2294 996 2352 ut
1011 2278 1108 2353 Deus

116 2383 184 2453 tihi
200 2394 315 2451 servet
330 2380 567 2465 incolumem,
593 2406 634 2449 ex
650 2381 770 2451 animo
785 2388 934 2472 precor.'

218 2512 301 2583 Mea
322 2512 476 2582 coniunx
499 2512 654 2603 profecta
673 2525 724 2582 est
740 2513 784 2582 ad
800 2513 910 2583 filiam
919 2504 976 2607 ⁴),
1001 2536 1108 2605 qnam

117 2639 220 2709 spero
243 2614 314 2685 iam
336 2625 501 2705 quartum
524 2636 734 2705 puerperam
757 2637 842 2687 esse.
891 2611 946 2683 De
967 2610 1109 2703 Repub.

117 2718 280 2787 nondum
296 2710 410 2784 habeo
425 2714 621 2807 quidquam
635 2707 841 2813 ἀξιόλογον.
890 2711 1051 2783 Nuncius
1066 2737 1106 2783 ex
1161 2766 1170 2785 .
1201 2766 1239 2785 ..

116 2818 228 2889 Cattis
252 2811 329 2886 heri
353 2838 491 2885 mecum
512 2816 597 2900 fuit,
629 2814 692 2909 qui
709 2816 848 2887 dicebat
863 2812 1032 2884 ancicas
1048 2839 1109 2885 co-

120 2920 196 3011 pias
217 2917 257 2986 in
269 2914 467 2986 Pannoniis
482 2928 623 2985 man'ere
638 2939 710 2984 non
726 2940 847 3009 posse,
878 2914 950 2985 nisi
965 2914 1109 3009 Tyran-

119 3044 188 3091 nus
203 3018 277 3109 ipse
291 3020 509 3089 adventaret.
558 3015 608 3087 Et
630 3032 752 3088 assunt
777 3019 848 3087 iam
873 3012 931 3085 bie
952 3016 1108 3101 Moram,

118 3122 182 3213 qui
207 3113 301 3187 nihil
323 3119 422 3188 triste
443 3118 625 3203 nunciant.
676 3115 773 3187 Bene
795 3132 830 3187 et
850 3118 1001 3187 feliciter
1021 3119 1108 3188 vale.

118 3222 175 3291 die
191 3218 287 3290 lunii
300 3216 433 3291 XXVI.

674 3316 770 3389 Phili
773 3344 863 3413 ppus
878 3314 1055 3391 Melanth.

130 3720 198 3795 No.
214 3714 326 3791 2500.

123 3816 336 3853 m

950 3733 1006 3795 28.
1024 3723 1092 3789 Iun.

933 3816 1104 3847 m

437 3899 531 3987 Ioh.
556 3898 790 3987 Rimonno.

681 202 1138 285 uotsronanott‘
1175 210 1285 295 mn.
1315 211 1382 295 11.
1433 214 1570 297 tots.

110 382 182 451 vita
194 374 393 478 κέκρυπται
410 372 482 454 σὺν
494 382 549 477 τῷ
560 382 703 475 χριστῷ
717 378 758 453 ἐν
771 384 827 479 τῷ
841 380 933 479 θεῷ.
965 380 1099 453 lterum
1127 385 1128 423 ἒ

1158 386 1281 457 rendis
1294 381 1512 461 scholasticis
1526 390 1808 473 conditionibus.
1850 394 1947 471 Nam
1964 400 2013 473 de
2028 402 2150 497 stipen-

1160 488 1231 559 diis
1245 488 1370 561 aulicis
1382 486 1477 561 nihil
1491 516 1636 585 possum
1649 496 1826 588 polliceri.
1866 498 2009 591 Magna
2025 522 2150 579 caterva

1160 603 1373 677 esseorum,
1404 592 1469 689 qni
1491 608 1634 686 petunt,
1663 610 1701 667 et
1721 600 1852 693 quibus
1868 602 1990 675 bonae
2006 628 2148 701 apespa-

1159 690 1306 763 tefactae
1321 707 1423 781 sunt,
1447 718 1513 767 nec
1527 709 1646 769 tamen
1662 700 1850 793 quisquam
1864 702 2050 795 impetrat.
2085 706 2151 781 Ds-

1160 792 1239 864 sino
1263 793 1376 885 igitur
1394 819 1541 887 urgere,
1572 808 1608 871 et
1631 798 1683 869 sic
1703 802 1806 873 doleo
1828 804 1970 899 negligi
1991 810 2149 881 bonain-

1159 894 1281 984 genia‚
1308 919 1399 991 qnae
1423 911 1506 968 sunt
1525 898 1714 973 seminaria
1736 898 1931 979 Ecclesiae.
1990 906 2066 982 Nos
2084 912 2147 1005 pri·

1159 995 1251 1066 vatis
1263 996 1407 1082 officiis,
1431 996 1512 1071 Deo·
1525 1001 1648 1089 dante,
1673 1017 1848 1097 quantum
1864 1030 2061 1099 possumus
2073 1014 2147 1085 ado·

1159 1096 1362 1168 lescentiam
1378 1098 1551 1176 iuvemus.
1591 1100 1640 1174 Et
1654 1106 1810 1195 profecto
1827 1126 1897 1179 nec
1909 1110 2081 1185 voluntas
2092 1138 2145 1187 nse

1159 1198 1345 1288 diligentia
1361 1194 1451 1271 mihi
1468 1202 1585 1288 deest,
1610 1217 1646 1275 et
1660 1205 1735 1277 filio
1749 1214 1870 1279 vea'tro
1886 1212 2028 1304 optime
2042 1215 2141 1308 cupio

1159 1295 1257 1370 Bene
1271 1300 1396 1375 valete.
1444 1299 1514 1373 Die
1527 1304 1590 1380 28.
1606 1302 1712 1382 lunii.

1167 1605 2135 1641 Ἦ

1158 1740 1226 1817 Νο.
1241 1737 1356 1821 2507.

1165 1838 1337 1871 m

1978 1856 2131 1891 Μ

1350 1950 1354 1957 -
1420 1896 1551 1984 Meet.
1581 1900 1891 2021 Meienburgs‘o.

1308 2072 1621 2151 mmmnpm.

1192 2224 1428 2305 Michaeli
1450 2228 1793 2338 Meienburgio,
1817 2242 1987 2341 (consuli
2000 2244 2109 2325 Noit-

1563 2332 1739 2438 bosono).

1158 2440 1205 2535 S.
1228 2460 1274 2539 D.
1321 2462 1416 2553 Cum
1437 2466 1932 2567 intellexissemlohonnem,
1961 2483 2076 2555 filium
2090 2512 2138 2557 se-

1159 2576 1288 2651 strum,
1315 2566 1488 2639 febricula
1509 2574 1653 2644 tentari:
1690 2578 1775 2649 dedi
1795 2584 2011 2671 consilium,
2046 2602 2086 2659 ut
2102 2592 2139 2659 ad

1160 2688 1222 2735 vos
1256 2668 1501 2759 expatiaretur.
1560 2669 1728 2768 Comperi
1761 2682 1875 2763 enim,
1920 2683 1960 2755 in
1994 2687 2140 2760 febribus

1160 2781 1263 2837 mitio
1277 2769 1511 2842 mutationem
1527 2775 1616 2845 ae'ris
1630 2778 1754 2849 utilem
1769 2805 1859 2853 esse:
1885 2784 2048 2882 vidique,
2059 2790 2140 2865 mul-

1160 2879 1215 2937 tos
1230 2863 1299 2939 hoc
1314 2870 1462 2942 consilio
1479 2876 1607 2946 curari.
1657 2876 1778 2967 Quare
1792 2880 1950 2957 reditum
1966 2890 2056 2960 boni
2068 2916 2141 2963 con·

1083 3017 1093 3035 .
1160 2968 1298 3055 soletis,
1322 2984 1357 3042 et
1367 2970 1484 3043 Deum
1501 2998 1642 3066 precor,
1666 2992 1755 3053 utet
1769 2983 1903 3063 liberos
1918 2990 2026 3061 vobis
2040 3006 2141 3065 etno-

1160 3070 1215 3139 bis
1239 3072 1405 3143 omnibus
1420 3071 1692 3167 Rempuhlicam
1718 3099 1852 3171 servet,
1885 3114 1999 3181 quam
2018 3090 2142 3163 Princi-

1160 3193 1221 3263 pes
1234 3172 1380 3264 quidam
1393 3177 1490 3245 varie
1503 3176 1707 3256 dilacerant.
1756 3183 1930 3257 Nondum
1944 3192 2043 3277 scio,
2066 3220 2141 3289 qnae

1160 3272 1233 3342 sint
1254 3273 1354 3346 initia
1377 3276 1463 3346 novi
1486 3280 1658 3353 tumultus
1687 3282 1726 3350 in
1755 3286 1887 3357 vicinia
1919 3305 2053 3371 vestra.
2103 3292 2141 3365 D

1161 3373 1282 3459 doleo,
1320 3375 1384 3445 tali
1412 3389 1570 3471 tompore
1591 3383 1785 3456 domestica
1803 3387 1899 3461 bella
1915 3394 2033 3478 oriri:
2074 3422 2139 3467 cum

1161 3486 1323 3544 externus
1348 3471 1459 3548 hostis
1483 3477 1697 3554 Germaniae
1720 3489 1956 3563 vastationem
1988 3496 2138 3569 minatur.

1160 3574 1231 3645 Sed
1248 3574 1344 3647 Dens
1360 3579 1572 3667 gubernabit
1589 3584 1720 3655 exitum
1743 3602 1882 3663 servata
1897 3588 2061 3669 Ecclesia
2080 3620 2139 3669 sna

1160 3673 1252 3757 Vos,
1280 3700 1400 3770 spero,
1425 3676 1520 3774 †qui
1537 3684 1772 3758 aristocratias
1786 3689 1825 3759 in
1847 3694 2006 3769 urbibus
2026 3700 2138 3771 retine·

1160 3775 1228 3847 tis''
1240 3771 1295 3871 ⁸),
1327 3795 1595 3853 conservaturos
1616 3808 1690 3856 esse
1712 3783 1893 3863 Ecclesiae
1911 3810 1948 3867 et
1968 3798 2136 3871 literam

1160 3891 1194 3948 et
1208 3878 1362 3948 aliorum
1378 3899 1668 3956 ornamentorum
1684 3886 1844 3963 civilium
1862 3896 2048 3991 reliquias.
2081 3898 2136 3971 lla·

1107 4036 1112 4045 .
1159 4001 1204 4047 ne
1220 3992 1254 4049 et
1267 3980 1416 4052 feliciter
1429 3984 1553 4061 valete.
1602 3984 1671 4057 Die
1685 3990 1747 4063 20.
1763 3988 1872 4064 lunii.

186 4086 207 4150 †
224 4081 264 4137 Ea
278 4098 373 4154 apogr.
384 4079 414 4134 in
427 4078 666 4137 nahtamata.
684 4098 731 4135 no.
746 4080 796 4137 lll.
813 4098 839 4153 p.
852 4080 895 4136 86.

123 4236 343 4314 Venerabili
357 4237 434 4309 viro
449 4232 515 4313 M.
528 4230 745 4309 Iohanni
756 4232 1012 4321 Rimanno.
1036 4266 1107 4339 pa.

167 4333 380 4433 storifideli
393 4336 582 4411 Ecclesiae
597 4338 637 4409 in
651 4338 757 4411 Ham
767 4334 822 4435 1“),
843 4363 911 4410 sno
925 4342 1054 4429 amico,

118 4450 162 4539 S.
185 4469 232 4545 D.
281 4469 429 4561 Ingenio
445 4472 511 4542 filii
526 4472 633 4543 vestri
657 4496 793 4565 semper
814 4472 902 4559 favi,
937 4488 972 4545 et
990 4476 1108 4546 liben-

119 4584 174 4642 ter
196 4571 451 4643 adolescentem
474 4573 625 4665 optimae
650 4574 724 4665 spei
748 4574 925 4647 adiuvabo
943 4575 980 4645 in
999 4602 1108 4671 quao-

125 4742 330 4760 m

154 4842 184 4911 *)
202 4828 414 4897 francofurtum
429 4844 464 4899 ad
478 4842 608 4902 Oderam.

152 4926 199 4999 *¹0)
219 4927 313 4997 Quum
326 4926 480 4999 Spalatinus
492 4930 521 4983 in
532 4930 608 5001 epist.
622 4930 656 4983 ad
669 4931 763 4987 lonam
777 4935 911 5001 (nondum
925 4934 1010 5005 edita)
1025 4936 1049 4989 d.
1063 4935 1107 4991 10.

189 4997 256 5051 Oct.
270 4995 345 5048 1589.
359 4998 474 5068 scripta,
497 4999 620 5053 nominet
633 4998 799 5055 llimannnm
813 5005 855 5056 cui
869 5003 996 5058 tradenda
1011 5005 1045 5058 sit
1058 5022 1107 5089 pa·

188 5065 281 5119 rochia
299 5063 386 5133 llain,
402 5084 431 5119 se
452 5065 542 5133 uitur,
563 5065 729 5122 Rimannum
742 5069 857 5123 llainsm
874 5071 978 5125 venisse
990 5070 1048 5127 fere
1062 5090 1107 5126 rn-

188 5142 269 5187 eunte
288 5149 363 5185 anuo
384 5134 414 5185 1⁵
449 5170 458 5188 .
494 5132 589 5201 Quum
610 5154 678 5190 vero
696 5136 740 5189 die
760 5138 802 5192 28.
815 5136 885 5191 lunii
903 5142 977 5195 1510.
998 5140 1107 5193 Melan·

186 5201 253 5253 thon
273 5198 431 5269 gravissime
453 5210 606 5271 aegrotaret
618 5202 795 5269 wltaviae,
818 5215 845 5259 et
859 5224 894 5259 eo
907 5217 1030 5280 tempore
1043 5228 1107 5264 ann.

190 5268 265 5319 15⁴1.
293 5280 446 5321 versaretur
468 5269 644 5341 hamtonae,
676 5272 743 5330 haec
772 5274 884 5345 epistola
913 5276 1108 5335 verosimiliter

188 5336 287 5405 scripta
303 5346 344 5389 est
356 5354 429 5391 anno
443 5337 520 5393 1542.

1902 4092 2099 4207 Philippus.

1160 4301 2136 4337 --··-·----·-----—---......

1158 4424 1225 4500 No.
1240 4421 1353 4498 2508.

1165 4522 1336 4552 m
2021 4450 2134 4577 un

1545 4582 1585 4669 Ι.
1613 4584 1784 4689 londes

1309 4730 1677 4818 mamnpnq'

1488 4892 1627 4970 Iusto
1655 4898 1813 4978 Ionae.

1158 5002 1202 5095 S.
1228 5023 1273 5100 D.
1322 5022 1478 5099 Oramus
1491 5027 1605 5103 Deum
1621 5051 1822 5125 aeternum,
1846 5044 1994 5119 Patrem
2009 5048 2136 5123 Domini

1159 5129 1272 5199 nostri
1291 5126 1370 5199 lesu
1388 5124 1541 5229 Christi,
1572 5148 1611 5206 ut
1627 5142 1802 5212 custodiat
1818 5170 1887 5216 nos
1904 5164 1938 5219 et
1958 5166 2092 5235 nostra,
2112 5166 2136 5219 st

1193 5346 1222 5415 *)
1243 5346 1325 5403 attis
1338 5350 1372 5402 Λ.
1383 5348 1420 5405 D.
