4522 5752
92 142 167 275 n

40 472 48 483 ’
108 478 209 548 redes
224 473 418 545 efficiamur
432 497 545 542 novae
559 487 594 542 et
607 487 796 565 perpetuae
813 475 967 547 iustitiae
990 480 1024 545 et
1043 474 1102 543 vi-

109 593 176 653 tae.
209 574 311 647 Sicut
325 590 360 647 et
372 573 524 646 loannes
539 575 673 669 inquit:
697 574 772 646 Lex
783 590 847 668 per
860 577 1004 647 Moisen
1018 577 1100 646 data

39 729 41 733 ψ
108 694 177 762 est,
203 677 314 767 gratia
331 690 366 748 et
377 678 507 748 veritas
522 701 587 768 per
603 675 721 749 Iesum
732 674 916 751 Christum
930 681 1022 749 facta
1038 691 1100 762 est,

108 781 230 866 idest,
255 780 386 850 donata
402 791 437 850 et
449 777 612 850 remissio
623 795 865 872 peccatorum,
895 796 930 852 et
949 804 1034 852 vera
1059 804 1100 850 ac

107 895 277 977 perpetua
292 881 426 953 iustitia
442 895 477 953 et
492 879 577 951 vita.

209 1011 263 1084 lta
285 1035 409 1084 rursus
431 1012 470 1082 fit
493 1012 550 1081 lex
580 1011 777 1102 possibilis,
825 1037 905 1084 cum
938 1014 1102 1085 incoatnr

10 1108 43 1125 ”
108 1110 258 1189 novitas.
310 1113 411 1185 luxta
427 1113 533 1183 illud:
559 1111 661 1184 Dabo
680 1116 792 1203 legem
808 1140 923 1186 meam
939 1116 977 1185 in
994 1118 1100 1186 corda

108 1243 253 1303 eorum,
275 1228 340 1290 etc.
390 1212 440 1286 Et
461 1228 602 1307 peccata
624 1218 873 1289 condonantur
892 1232 1038 1311 propter
1056 1218 1099 1286 fi-

108 1322 197 1391 lium
210 1314 280 1389 Dei
299 1312 373 1401 his,
404 1317 467 1410 qui
489 1331 600 1406 agunt
618 1319 873 1409 poenitentiam
896 1335 931 1392 et
952 1321 1101 1391 credunt

107 1422 176 1493 sibi
193 1433 338 1514 propter
353 1419 468 1490 filium
481 1415 550 1488 Dei
563 1418 718 1509 ignosci,
745 1434 809 1496 etc.

150 1594 153 1598 ·
208 1551 333 1647 Neque
355 1547 416 1622 hic
436 1546 636 1623 detrahitur
649 1553 763 1622 libero
785 1553 952 1641 arbitrio,
981 1555 1019 1625 id
1045 1556 1101 1626 di-

108 1656 295 1748 sciplinam
314 1668 493 1724 externam
506 1667 686 1747 utcunque
702 1678 822 1744 regere
835 1670 961 1748 potest,
987 1670 1022 1728 et
1036 1660 1101 1728 ad-

109 1759 225 1830 iutum
248 1781 269 1827 a
289 1756 427 1848 Spiritu
447 1769 566 1826 saneto
600 1751 707 1829 habet
735 1761 846 1829 noios
872 1773 989 1831 motus
1013 1785 1101 1831 con-

109 1859 300 1930 sentientes
314 1857 383 1949 legi
400 1855 479 1927 Dei.

414 2046 552 2137 Tertium
565 2070 793 2152 Argumentum.

209 2191 251 2265 si
264 2192 319 2263 vis
333 2192 474 2284 ingredi
489 2193 529 2261 in
544 2193 672 2277 vitam,
698 2216 797 2262 serva
813 2195 992 2269 mandata.

207 2311 320 2384 Nemo
338 2324 452 2405 potest
468 2335 608 2407 servare
622 2312 848 2398 mandatum,
871 2288 954 2384 Non
970 2339 1102 2386 concu-

62 2416 65 2421 ’
108 2413 240 2506 pisces,
265 2415 295 2483 si
312 2415 531 2504 intelligatur
547 2415 590 2482 de
606 2414 732 2483 morbo
749 2415 915 2489 naturali.

209 2529 306 2624 Ergo
321 2558 426 2605 nemo
441 2547 557 2626 potest
571 2533 714 2632 salvari.⁸

208 2649 372 2722 Profecto
393 2650 612 2741 deploranda
633 2662 693 2736 estx
711 2644 797 2718 haec
818 2650 979 2722 conlusio
999 2652 1102 2745 Legis

65 2811 71 2824 ,
111 2767 147 2824 et
168 2747 367 2843 Evangelii.
428 2750 539 2821 Moisi
567 2751 707 2821 tabulae
735 2750 878 2823 collisae
906 2755 1104 2844 significant

110 2855 289 2926 neminem
303 2854 487 2926 iustificari
501 2855 577 2943 lege
591 2876 708 2923 coram
723 2849 811 2928 Deo.
834 2869 838 2875 “
861 2851 1031 2927 ldeo'hoc
1047 2861 1103 2929 di-

111 2973 228 3042 ctum,
266 2955 306 3027 si
334 2956 388 3024 vis
414 2955 454 3023 in
479 2955 590 3025 vitam
614 2955 775 3043 ingredi,
805 2978 905 3026 serva
926 2961 1104 3047 mandata,

112 3058 265 3130 conferri
294 3070 433 3149 oportet
459 3059 503 3127 ad
523 3056 795 3148 promissionem
817 3057 861 3126 dc
884 3055 1028 3131 Christo
1050 3064 1105 3133 sa-

14 3220 23 3231 .
80 3158 84 3178 ¹
112 3174 223 3245 ctam,
256 3172 402 3250 propter
422 3182 528 3252 quem
553 3159 784 3229 remittuntur
806 3175 965 3250 peccata,
990 3176 1025 3233 et
1042 3166 1105 3235 da-

111 3276 172 3333 tur
196 3286 290 3332 nova
322 3260 475 3348 iustitia,
513 3275 558 3331 et·
578 3260 693 3352 placet
722 3260 876 3333 incoatio
902 3262 1025 3355 Legis,
1064 3280 1105 3337 ut

112 3387 174 3435 suo
191 3365 268 3434 loco
285 3364 432 3436 dicetur.
792 3360 794 3364 ’

212 3481 321 3572 Quod
341 3483 451 3572 igitur
471 3480 606 3573 inquit,
641 3493 682 3551 ut
700 3481 788 3551 vitet
810 3482 981 3571 absurda,
1013 3511 1104 3580 quae

111 3585 151 3655 in
166 3585 380 3673 argumentis
397 3582 539 3666 recitat,
561 3582 642 3650 ideo
659 3582 708 3651 sic
726 3587 953 3677 contendere,
978 3612 1024 3659 ne
1046 3584 1104 3660 hic

111 3688 258 3756 morbus
279 3686 318 3754 in
335 3685 464 3754 sanctis
480 3683 696 3753 existimetur
712 3708 784 3753 esse
800 3685 925 3757 vitium
942 3713 1104 3781 pugnans

669 193 1108 323 nats-romanu
1157 135 1414 301 mnvnt
1444 148 1624 280 tete·
1708 178 1711 183 ’
1819 130 1827 139 ’

106 373 222 445 lilium
237 366 306 441 Dei
322 373 443 443 datum
456 392 548 456 csse,
581 392 645 462 per
659 395 765 465 quem
779 373 999 444 reconciliati
1012 366 1106 461 hae-³

2094 200 2144 279 n
2159 172 2173 257 ἰ,

1246 369 1426 444 Convenit
1440 373 1544 460 item,
1568 349 1666 469 qnod
1679 338 1804 444 omnes
1817 362 2143 458 fatebimtntts-

1146 473 1277 566 ptismo
1300 476 1434 546 remitti
1457 490 1640 569 peccatum
1663 476 1829 566 originis,
1863 471 1932 546 hoc
1954 487 2025 560 eat,
2051 498 2145 547 none

1147 577 1275 647 donari
1298 591 1333 648 et
1348 577 1427 647 dari
1442 577 1621 670 Spiritum
1641 594 1821 665 sanctum,
1850 578 1917 673 qui
1935 573 2059 648 in‘coat
2078 599 2144 647 no-

1146 678 1291 749 vitatem
1306 679 1539 771 spiritualem.
1992 701 1996 708 ·
2053 676 2056 681 ’
2093 734 2109 741 ..

1244 807 1300 882 De
1316 812 1443 882 morbo
1457 826 1576 882 autem
1597 811 1736 905 reliquo
1758 813 1798 881 in
1813 809 1952 883 Sanctis
1974 809 2142 906 sentiunt,

1148 936 1229 983 enm
1250 936 1325 982 non
1356 936 1430 983 esse
1454 909 1691 1006 Adiaphoron
1721 928 1784 984 aut
1811 926 1952 983 tantum
1983 934 2143 1005 poenam,

1147 1018 1209 1084 sed
1230 1016 1359 1087 vitium
1382 1038 1551 1106 pugnans·
1568 1041 1650 1087 curn
1665 1017 1741 1105 lege
1756 1014 1841 1102 Dei,
1869 1014 1969 1109 qnod
1987 1026 2046 1085 est
2064 1037 2145 1106 pet·

1148 1131 1264 1187 catum
1279 1141 1341 1189 sua
1355 1132 1500 1203 natura,
1528 1118 1620 1189 sicut
1634 1131 1669 1188 et
1682 1117 1815 1189 Paulus
1830 1138 1990 1209 expresse
2004 1116 2142 1208 aliquo-

1148 1219 1213 1291 ties
1228 1232 1410 1311 peccatum
1425 1221 1608 1311 nominat„
1634 1221 1696 1290 sed
1712 1221 1935 1317 condonatur
1950 1217 2097 1292 renatis.

1253 1347 1351 1420 Haec
1377 1365 1462 1421 sunt
1483 1351 1588 1442 plena
1613 1364 1648 1421 et
1674 1351 1856 1444 perspicua
1884 1349 2013 1435 verba,
2054 1364 2144 1443 qnae

1148 1445 1242 1521 nihil
1257 1447 1389 1523 habent
1401 1453 1642 1543 ambiguitatis
1656 1466 1716 1522 aut
1728 1451 2009 1544 praestigiarum.
2036 1448 2145 1540 Quod

1149 1554 1179 1622 si
1195 1549 1281 1623 haec
1297 1555 1468 1624 sententia
1486 1555 1716 1625 satisfactura
1734 1568 1785 1625 est
1799 1551 1844 1628 D.
1858 1552 2008 1624 Doctori
2023 1553 2146 1623 eteius

1148 1653 1303 1745 Collegis
1320 1658 1523 1746 gaudemus.
1573 1654 1647 1726 Nos
1671 1657 1825 1751 quidem.
1839 1679 1915 1724 non
1938 1655 2144 1724 dubitamus

1150 1781 1227 1827 eam
1241 1782 1323 1827 vere
1343 1780 1416 1826 esse
1430 1753 1632 1829 Catholicae
1647 1754 1824 1830 Ecclesiae
1837 1752 1973 1828 Christi
1993 1756 2146 1825 ‘consen-

1150 1882 1240 1945 sum,
1266 1855 1335 1929 hoc
1351 1858 1571 1946 estPatmm,
1594 1855 1864 1951 Prophetarum,
1889 1855 2144 1950 Apostolorum

1151 1974 1185 2032 et
1200 1961 1361 2031 omnium
1375 1960 1607 2045 Sanctorum,
1632 1985 1745 2056 usque
1762 1963 1807 2032 ad
1823 1956 1919 2030 hunc
1935 1961 2055 2034 diem¹

1250 2090 1299 2164 Et
1319 2094 1515 2164 iudicamus
1530 2084 1630 2162 hanc
1650 2091 1862 2163 sententiam
1885 2104 1981 2162 certo
2003 2091 2043 2160 in
2059 2090 2148 2161 scri-

1150 2194 1264 2287 pturis
1296 2190 1520 2287 Propheticis
1553 2209 1587 2266 et
1612 2189 1827 2286 Apostolicis
1858 2194 2026 2264 traditam
2060 2216 2148 2271 esse.

1150 2296 1224 2367 Nec
1253 2298 1458 2393 dubitamus
1476 2321 1669 2390 provocare
1693 2298 1749 2372 ad,
1762 2295 1895 2365 iudicia
1917 2319 2000 2365 vere
2020 2292 2148 2365 Eccle-

1151 2398 1307 2483 siastica,
1345 2395 1413 2471 hoc
1433 2414 1503 2486 est,
1541 2401 1587 2471 ad
1612 2399 1691 2492 pios
1719 2411 1753 2469 ct
1776 2397 1934 2468 eruditos
1956 2407 2034 2469 toto
2058 2398 2148 2470 orbe

1022 2520 1024 2525 ·
1151 2514 1338 2572 tetrarum.

1251 2612 1306 2687 Ac
1330 2617 1567 2703 admiramur,
1600 2617 1696 2712 quod
1719 2629 1903 2708 tantopere
1926 2617 2146 2687 contendant

1151 2720 1362 2805 adversarii,
1393 2715 1556 2789 homines
1574 2720 1650 2788 sine
1667 2732 1807 2811 peccato
1824 2742 1896 2788 esse
1915 2741 2039 2811 posse,
2064 2742 2148 2789 cum

1152 2817 1373 2912 Augustinus
1394 2816 1487 2891 hanc
1519 2822 1725 2914 opinionem
1755 2821 1931 2890 insaniam
1959 2820 2148 2891 vocetin‘·

1152 2924 1297 3019 quiens,
1322 2924 1409 2995 Sine
1430 2938 1571 3016 peccato
1591 2937 1708 2994 autern
1731 2923 1770 2993 in
1780 2918 1853 2998 ,hac
1873 2922 1947 2993 vita
1965 2923 2147 2992 neminem

1152 3026 1317 3111 dixerim,
1342 3040 1473 3120 quanta
1489 3026 1577 3096 libet
1591 3024 1772 3115 Pelagiani
1796 3024 1967 3094 inflentur
1989 3037 2024 3096 et
2047 3047 2148 3095 rum-

1151 3142 1281 3220 pantur
1301 3127 1451 3201 insania.
1504 3125 1588 3197 Non
1610 3128 1693 3221 quia
1715 3125 1849 3219 peccati
1873 3126 2011 3220 aliquid
2031 3149 2148 3197 rema·

1152 3243 1251 3314 neat,
1277 3231 1373 3322 quod
1387 3230 1426 3297 in
1441 3226 1623 3321 Baptismo
1640 3254 1715 3298 non
1733 3229 1951 3313 remittatur,
1983 3228 2044 3297 sed
2064 3227 2149 3323 quia

1152 3331 1191 3400 in
1212 3332 1335 3417 nobis,
1373 3331 1412 3401 in
1433 3325 1541 3403 huius
1563 3331 1881 3407 vitaeinfirmitate
1905 3330 2146 3415 manentibus,

1153 3434 1312 3528 quotidie
1330 3433 1407 3503 fieri
1423 3458 1497 3503 non
1519 3434 1719 3528 quiescant,
1749 3455 1840 3528 quae
1863 3432 2016 3511 fideliter
2037 3456 2145 3503 oran·

1152 3537 1247 3606 tibus
1261 3536 1421 3628 quotidie
1436 3537 1672 3606 remittantur.
1699 3529 1705 3540 ’

1254 3669 1324 3741 Sed
1345 3670 1384 3738 in
1406 3666 1562 3739 Ecclesia
1586 3670 1787 3761 plerunque
1809 3669 1880 3739 duo
1906 3681 1993 3738 sunt
2014 3678 2145 3741 coetos.
2185 3648 2187 3653 Ι

112 3813 193 3858 cum
209 3788 284 3878 lege
300 3784 380 3860 Dei.
430 3783 504 3855 Nos
522 3785 674 3854 absurda
690 3786 850 3856 tollimus
871 3802 904 3859 et
926 3792 1105 3881 graviores
1151 3768 1272 3857 ᾹῙῑθῑ,
1298 3772 1361 3865 qui
1386 3786 1522 3842 tantum
1544 3772 1657 3859 legem
1679 3771 1867 3840 carnaliter
1887 3769 2074 3860 inlelligit,
2095 3769 2145 3838 'ac

113 3890 326 3982 opponimus
351 3910 471 3959 causas
494 3887 701 3956 retinendae
729 3891 921 3962 sententiae
954 3909 1104 3981 nostrae,
1152 3873 1502 3964 tumetlll³P⁵¹¹²¹⁵i⁰ne
1518 3872 1781 3945 ⁸¹¹²¹⁸i¹¹⁵lili³¹0·
1821 3868 1933 3958 Alter,
1957 3873 2022 3965 qui
2035 3893 2145 3962 38110-

112 3995 158 4063 ne
173 3993 426 4079 confirmemus¹
436 3983 610 4058 humanas
624 3988 831 4081 opiniones,
862 4019 951 4088 quae
965 3996 1105 4086 fingunt
1153 3977 1219 4046 scit
1232 3973 1412 4068 propriam
1428 3975 1688 4059 infirmitatem,
1720 3987 1755 4043 et
1776 3974 1984 4064 confugiens
2006 3974 2147 4057 adme·

56 4142 58 4146 .
111 4089 275 4165 homines
298 4093 368 4182 legi
388 4088 456 4160 Dei
479 4091 695 4179 satisfacere,
730 4105 765 4163 et
785 4092 894 4180 alias,
925 4121 1014 4189 quae
1038 4100 1104 4169 ob,
1153 4079 1324 4148 diatocem
1346 4077 1461 4147 filium
1481 4073 1565 4160 Dei,
1606 4077 1675 4146 lide
1697 4075 1787 4167 petit
1811 4090 1848 4146 et
1871 4075 2000 4168 accipit
2019 4073 2146 4145 remis·

112 4209 254 4268 scurant
268 4193 438 4265 beneficia
449 4187 595 4268 Christi.
1151 4181 1296 4251 sionem.

213 4312 321 4401 Quod
335 4336 419 4381 vero
435 4309 580 4401 petivit,
609 4322 650 4378 ut
665 4334 746 4379 cum
760 4311 847 4380 meis
861 4311 1015 4405 Collegis
1030 4317 1104 4386 col·
1253 4298 1445 4390 Ulriusque
1454 4296 1590 4388 generis
1600 4296 1714 4386 imago
1723 4295 1904 4388 proposita
1911 4309 1963 4366 est
1971 4291 2079 4393 [Luc.
2088 4291 2144 4394 7.]

111 4416 256 4506 loquar,
281 4412 366 4497 feci,
392 4427 426 4482 et
441 4411 581 4501 rogavi,
614 4424 654 4480 ut
672 4411 783 4481 libere
800 4413 931 4503 singuli
947 4419 1104 4488 dicerent
1152 4401 1371 4470 3¹¹⁰0¹¹ViVi⁰
1387 4398 1683 4490 ³PUdsim⁰¹¹em2
1701 4399 1854 4491 quicum
1867 4397 2147 4490 despiceremi-

112 4518 209 4608 quod
241 4516 418 4600 sentiunt,
460 4526 496 4583 et
530 4513 692 4583 omnium
726 4538 799 4584 una
832 4530 884 4599 est
920 4521 1102 4594 sententia,
1152 4527 1264 4571 seram
1275 4502 1533 4585 mulierculam,
1558 4501 1702 4591 inflatus
1717 4500 1952 4570 admiratione
1965 4522 2051 4571 suae
2064 4523 2145 4570 san-

56 4634 63 4641 ·
112 4611 619 4688 Omneshominescommuni
636 4628 783 4687 naturae
802 4619 910 4686 modo
930 4642 1103 4712 propaga.
1152 4605 1301 4687 ctitatis,
1335 4603 1550 4694 patrocinari
1574 4601 1700 4692 incipit
1722 4597 1885 4671 Christus
1906 4602 2145 4687 mulierculae,

111 4732 166 4790 tos
183 4718 488 4803 erconiunctione
504 4715 612 4785 maris
637 4731 671 4787 et
691 4717 866 4788 foeminae
892 4722 1028 4792 adferre
1047 4747 1104 4793 se·
1153 4719 1186 4776 ei
1219 4707 1425 4798 11ῙῑῦΡθΐὸῐ18
1453 4704 1691 4795 θΐῐθὲὃῦῑῖἃῐῃ
1721 4697 1921 4789 Pharisaei,
1956 4704 2013 4772 iffi
2043 4703 2146 4774 alieri

112 4844 193 4891 cum
223 4831 404 4888 nascentes
425 4829 604 4912 peccatum
628 4818 793 4908 originis,
832 4821 922 4892 sicut
944 4819 1101 4895 Ecclesia
1153 4808 1279 4878 11151111
1302 4807 1545 4877 111111151ῡῦ9ῦὶ
1568 4818 1809 4898 11111810111111,
1852 4818 1886 4875 el
1908 4805 2052 4875 laudem
2076 4803 2146 4897 1111·

111 4923 309 4993 confitetnr.
1151 4910 1265 5003 pletae
1280 4910 1383 4999 legis,
1407 4909 1574 4979 videlicet
1590 4906 1841 4988 dilectionem,

211 5033 261 5108 Et
274 5034 432 5117 iudicant
442 5033 713 5104 declarationem
728 5036 987 5124 definitionum,
997 5065 1102 5134 quam

1254 5041 1426 5114 Fortassis
1459 5035 1528 5111 hoc
1560 5055 1717 5131 tempore
1745 5040 1840 5109 idem
1873 5039 1981 5111 nobis
2005 5041 2143 5117 accidit.

111 5139 292 5225 recensui,
325 5158 518 5225 congruere
539 5159 620 5204 cum
641 5137 813 5229 scriptura
834 5137 1046 5232 Prophetica
1068 5161 1103 5218 et
1149 5145 1240 5218 Nam
1255 5168 1424 5235 personae
1440 5144 1479 5213 iu
1500 5156 1650 5236 utraque
1669 5155 1768 5232 parte
1791 5141 1894 5216 facile
1915 5159 2068 5232 possunt
2082 5168 2144 5217 'ac-

112 5238 334 5334 Apostolica,
367 5252 402 5309 et
423 5237 652 5328 scriptoribus
665 5235 939 5330 Ecclesiasticis,
970 5257 1004 5314 et
1026 5249 1100 5319 exi·
1150 5248 1385 5333 commodari,
1408 5268 1475 5315 nos
1489 5245 1532 5314 de
1545 5244 1807 5336 praedicatione
1821 5244 2074 5336 poenitentiae,
2098 5248 2143 5318 de

105 5346 256 5416 stimant
273 5344 311 5413 in
327 5366 366 5413 ea
380 5365 420 5412 re
434 5364 507 5411 noo
524 5362 597 5410 esse
612 5339 878 5419 dissensionem.
1071 5402 1074 5409 .
1147 5351 1215 5422 fide
1224 5362 1264 5446 *et
1281 5349 1501 5433 remissione,
1534 5348 1578 5418 de
1600 5344 1790 5436 agnitione.
1803 5346 1968 5438 propriae
1983 5346 2140 5421 infirmi.
