4522 5752
106 230 186 309 709
294 226 300 235 ’
681 220 1113 303 EPISTOLARUM
1162 218 1275 299 utu.
1309 220 1412 307 Vlil.
1463 220 1643 301 tots.
2082 234 2160 309 nto

106 400 276 477 Patroclo
291 396 455 473 hot-tator
469 411 539 486 eat,
564 412 606 472 ut
616 398 770 470 amicum
790 420 897 470 mum
918 395 1109 470 familiari·
1156 393 1421 485 tetimonium,
1451 404 1519 471 ne'e
1540 390 1680 495 tempus
1702 398 1896 494 significat,
1929 408 2026 499 quod
2040 410 2156 483 'scribi

106 520 166 577 ter
184 500 393 589 admoneat,
419 525 461 573 ac
481 503 526 573 ad
551 501 732 573 lenitatem
755 514 918 587 revocet,
942 513 978 572 et
998 501 1110 586 addit,
1156 496 1197 568 in
1219 498 1351 571 talibus
1373 500 1503 573 litteris
1523 524 1663 573 necesse
1689 517 1752 579 est.
1802 502 1943 577 Deinde
1965 532 2042 579 non
2058 510 2156 584 indi-

108 600 244 707 ἀγαθὴ
276 599 318 679 δι’
350 599 583 701 παραίφασίς
608 602 709 676 ἐστιν
733 598 896 699 ἑταίρου.
957 600 1108 674 Gaudeo
1156 612 1229 685 cat,
1254 624 1360 694 quem
1378 604 1423 673 ad
1439 626 1545 674 usum
1560 605 1705 697 flagitet.
1753 604 1845 677 Nam
1860 602 1948 679 haec
1970 635 2046 682 non
2067 616 2155 686 scri-

108 710 223 801 igitur
237 709 331 801 apud
344 720 530 801 tequoque
544 704 731 799 utriusque
745 718 927 792 nostrum,
951 696 1108 775 Ioaeti-
1155 701 1275 771 bimus
1297 704 1422 773 codem
1445 708 1573 793 modo,
1606 707 1678 778 nisi
1704 721 1806 800 putat
1825 732 1883 781 me
1909 706 1996 783 haec
2016 731 2153 789 mutare

108 809 168 881 mi
179 824 343 883 amcam
358 803 596 905 παραίφασιν
610 808 740 878 valere.
1156 826 1197 871 ex
1217 802 1375 898 antiquis
1396 806 1561 877 formulis
1585 810 1821 901 pedelloru'm.
1873 808 1926 882 Ac
1947 818 2093 907 nuptiae
2107 818 2151 895 D.

211 910 276 982 Bis
291 934 382 982 ame
393 911 465 981 iam
479 909 624 1001 petiisti,
649 921 691 980 ut
704 907 839 1003 aliquid
852 906 1044 999 significem
1063 910 1108 979 de
1154 898 1382 977 Malchionis
1395 906 1434 977 in
1451 932 1571 980 mussa
1590 912 1754 998 intersint,
1777 936 1849 1006 qno
1865 915 1986 985 minus
2000 941 2079 989 cum
2095 922 2152 991 in-

107 1006 641 1107 deliberationeNeoburgensi.
676 1004 1109 1104 Fuitillaquidcmhone-
1154 1008 1363 1097 terrogarim
1389 1002 1447 1079 his
1472 1012 1598 1083 diebus
1624 1016 1668 1083 de
1689 1026 1848 1106 tempore
1864 1028 1899 1085 et
1917 1020 2044 1090 studiis
2065 1020 2151 1095 eins.

109 1128 164 1187 sta
172 1116 401 1201 deliberati03
416 1116 478 1184 scd
487 1112 703 1185 Hectoreum
718 1113 809 1183 illud
827 1112 958 1183 imitari
967 1110 1107 1182 Princi-
1155 1106 1264 1180 Mitto
1287 1110 1498 1198 formulam,
1531 1137 1622 1207 quae
1646 1115 1677 1184 ai
1699 1139 1774 1185 non
1794 1116 1926 1206 placet,
1959 1120 2149 1215 compone-'s

107 1240 173 1312 pes
186 1217 351 1309 optarim,
371 1211 511 1297 ἁπλοῦς
526 1211 586 1287 ἐπ’
604 1214 756 1310 ἐχθροῖς
775 1212 922 1307 μῦθος,
946 1208 1108 1301 sinticen
1154 1211 1280 1294 aliam,
1311 1213 1368 1281 vol
1391 1215 1647 1286 communicata
1669 1241 1806 1286 recum
1830 1212 2053 1309 Melchiore,
2085 1227 2148 1320 qui

106 1314 212 1414 χέρα.
241 1316 463 1389 Pollicentur
473 1341 523 1404 sc,
540 1317 738 1387 coniunctis
751 1316 877 1408 copiis,
892 1313 1107 1385 Germaniae
1155 1311 1225 1381 iam
1242 1307 1346 1381 isthic
1362 1328 1432 1399 est,
1459 1326 1493 1385 et
1507 1316 1592 1385 inde
1606 1333 1699 1389 recta
1714 1320 1758 1387 ad
1773 1314 2040 1411 Moguntinum
2065 1352 2146 1419 per-

108 1424 199 1491 tines
212 1420 419 1491 defensuros
430 1442 514 1505 esse,
535 1418 669 1489 etiamsi
687 1415 883 1511 Principes,
907 1416 971 1511 qui
986 1429 1108 1487 tenent
1153 1428 1223 1505 get.
1272 1413 1396 1487 Mittes
1411 1431 1528 1487 autem
1543 1419 1647 1490 nobis
1666 1420 1934 1510 obsignandam.

110 1520 355 1603 Germaniam,
372 1534 520 1616 quaeest
530 1520 622 1591 ultra
630 1518 847 1606 Herciniam,
861 1543 936 1589 non
944 1518 1107 1589 miserint
1253 1543 1375 1620 Audio
1390 1542 1449 1618 hi,
1473 1549 1600 1623 diebus
1614 1544 1784 1650 Ροῃψιὶῐ
1794 1577 1955 1627 socerum
1973 1554 2146 1635 vrafisla,

109 1624 254 1743 auxilia·
304 1619 413 1742 Ῑῇὃῑῑθ
431 1622 522 1694 iniit
537 1636 610 1741 ⁶⁸¹³.
628 1636 671 1693 ¹¹²
690 1634 830 1740 Ρΐὸθξθῑ
848 1620 968 1740 ⁰⁰PJ³⁸
984 1615 1106 1741 Bffh‘f‘
1152 1646 1231 1721 viae
1262 1648 1390 1737 fuisse,
1427 1672 1468 1721 ac
1491 1675 1683 1746 properare
1710 1653 1773 1725 ad.
1790 1678 1908 1746 regem
1932 1654 2146 1734 Sarmatiae:

109 1748 233 1813 micas,
245 1724 415 1797 Slesmcas
423 1738 459 1795 et
468 1722 670 1795 Morav1cas
682 1738 796 1797 nostn
806 1736 983 1813 octoginta
991 1722 1105 1793 millia
1152 1750 1255 1825 ,ium
1272 1748 1443 1843 Legatum
1465 1775 1539 1823 me
1558 1748 1800 1827 ferdinandi
1820 1758 1971 1849 petenti,
1993 1780 2144 1859 συμμα,

107 1824 647 1947 Ρθᾶἕωωωῖῑῑῦῃῑχθῑὸιῖἧῦθῐ
660 1824 775 1895 mima
790 1820 994 1943 Equitum,
1008 1821 1105 1896 ΒΨ*
1148 1848 1242 1946 χίαν
1256 1865 1378 1924 contra
1394 1851 1542 1927 Turcas.
1594 1856 1663 1929 Sed
1683 1858 1842 1950 suspicor
1856 1860 1954 1932 aliud
1969 1864 2036 1954 agi.
2075 1864 2145 1938 Fa-

109 1941 239 2001 excitet
250 1924 385 1998 Ducem
407 1929 582 2022 aliquem,
615 1943 648 1999 et
668 1928 792 1997 doceat
815 1949 942 1997 manus
962 1948 1039 1997 erus
1059 1927 1104 1996 ad
1154 1955 1384 2028 maestenim
1396 1947 1559 2026 paulum
1575 1960 1719 2030 [el-[ium
1737 1960 1935 2036 decessisse,

110 2030 300 2125 proelium.
348 2027 440 2101 Nam
462 2029 603 2123 copiae,
627 2052 745 2114 arma,
768 2028 940 2120 pecuniae
959 2027 1105 2101 fortasse

110 2158 189 2204 non
211 2133 382 2202 deessent.
431 2128 594 2202 Fortasse
616 2155 661 2201 ne
676 2128 758 2201 Dux
780 2129 945 2224 quidem,
970 2129 1001 2200 si
1017 2143 1105 2201 esset

112 2228 304 2329 ιίλικρινὴς
328 2230 454 2305 εὔνοια
475 2233 668 2318 intereos,
692 2254 781 2326 quos
797 2231 983 2324 praecipue
998 2255 1105 2324 opor-

109 2348 162 2410 tet
185 2359 262 2413 esse,
283 2332 502 2405 coniunctos.
560 2332 677 2405 Deum
702 2355 863 2418 oremus,
887 2346 928 2403 ut
944 2332 1019 2424 ipse
1033 2330 1104 2403 Ec-

109 2437 257 2511 clesiam
273 2435 450 2506 defendat.
500 2432 646 2507 Utinam
662 2434 766 2506 etiam
780 2448 903 2505 noster
918 2436 1025 2521 ordo,
1049 2433 1104 2504 vi-

108 2540 241 2611 delicet
254 2541 334 2609 τιῑνν
348 2530 597 2626 διδασκάλων,
613 2550 702 2608 esset
719 2532 951 2635 ἀνέγκλητος.

1252 2081 1643 2185 McoIaoMogno'),
1675 2090 1705 2161 si
1726 2094 1768 2163 ad
1793 2106 1827 2164 te
1849 2094 2014 2182 redierit,
2037 2098 2145 2187 dices,

1152 2190 1327 2282 expectari
1349 2214 1430 2263 eum
1451 2216 1473 2263 a
1495 2194 1619 2278 nobis,
1650 2194 1754 2287 eique
1776 2195 1907 2268 nostris
1929 2194 2047 2268 verbis
2064 2224 2145 2291 gra-

1151 2292 1311 2363 tulaberc
1332 2294 1485 2365 reditum
1507 2293 1549 2363 in
1571 2292 1814 2372 Germaniam.
1872 2294 1989 2367 Deum
2009 2314 2144 2392 patrem

1150 2390 1370 2465 Liberatoris
1392 2395 1506 2467 nostri
1526 2396 1608 2468 Iesu
1627 2393 1762 2470 Christi
1783 2423 1867 2485 oro,
1898 2411 1940 2470 ut
1960 2396 2146 2475 honestiss.

1150 2509 1351 2566 matronam
1387 2498 1574 2589 coniugem
1614 2512 1712 2571 tuam
1755 2512 1789 2571 et
1824 2514 1934 2573 totam
1973 2502 2144 2577 familiam

1151 2609 1277 2672 servet.

212 2664 438 2765 Deningum,
455 2697 559 2767 quem
576 2670 700 2741 scribis
709 2668 823 2741 curari
831 2664 990 2754 Hebeno,
1008 2668 1104 2743 novi.

107 2774 318 2849 Monstroso
334 2798 481 2867 corpore
498 2786 532 2844 et
547 2774 666 2843 auimo
685 2787 758 2856 est,
778 2766 841 2843 καὶ
857 2766 958 2863 α’),ιιὸς
972 2773 1020 2865 τῇ
1038 2792 1105 2844 συ-

109 2870 229 2977 ζύγῳ.
277 2870 326 2945 Et
349 2890 430 2945 cum
450 2874 551 2946 ludat
575 2873 806 2967 opinionibus
829 2874 935 2942 variis
960 2874 997 2942 in
1018 2872 1105 2943 reli-

108 2980 233 3073 gione,
256 2978 385 3048 mirum
403 2972 481 3062 est,
505 2991 677 3071 quantum
698 2976 767 3047 sibi
786 2976 932 3067 placeat.
984 2973 1105 3065 Quare

110 3072 256 3177 parcere
279 3072 500 3149 voancero
521 3078 639 3151 velim.
694 3074 742 3147 Et
764 3076 818 3147 illi
843 3076 968 3147 insulsi
991 3076 1104 3147 libelli

112 3182 266 3257 laconici
288 3204 352 3274 per
374 3204 411 3249 sc
439 3179 680 3252 consilesceut.
736 3176 876 3249 Nostris
899 3177 1105 3271 scriptioni·

111 3288 181 3357 bus
197 3283 320 3353 fierent
343 3280 519 3366 notiores,
551 3292 586 3351 et
606 3280 752 3352 sortasse
776 3274 867 3350 hanc
888 3284 1104 3351 camarinam

110 3385 268 3469 moveri,
293 3382 348 3454 illi
371 3383 439 3475 ipsi
462 3395 602 3453 autores
624 3382 767 3455 vellent.
818 3378 871 3451 De
896 3404 935 3451 re
958 3406 978 3451 a
1000 3382 1105 3452 nobis
1718 3372 2097 3471 Phiiippus'Metanth.
2121 3451 2128 3459 ,

110 3502 147 3561 et
167 3485 303 3573 dicitur
330 3484 370 3554 in
395 3483 475 3554 aliis
501 3484 667 3577 operibus
688 3497 724 3554 et
741 3506 844 3574 saepe
868 3482 941 3552 dici
962 3482 1105 3574 poterit.

86 3588 211 3663 ‘Bene
226 3587 316 3657 vale.
367 3573 583 3682 Capitonem
599 3584 703 3655 nobis
717 3598 877 3677 ereptum
892 3607 966 3653 ease
989 3584 1106 3655 doleo.
1159 3596 2149 3619 .-...--..-......-............-..-.....

109 3688 168 3763 De
192 3688 364 3761 Pontitiee
396 3687 426 3755 si
461 3687 548 3780 quid
580 3686 722 3773 audies,
754 3686 911 3759 scribito.
971 3681 1105 3758 lterum
1151 3721 1208 3794 No
1233 3721 1347 3797 2414·
1977 3736 2024 3804 1⁶
2054 3734 2118 3799 Dec

108 3792 215 3897 pale,
237 3790 297 3861 die
312 3788 371 3863 11.
386 3786 590 3859 Decembris
599 3781 649 3881 ¹⁵).
1161 3775 1334 3849 έν..
1983 3782 2144 3854 ,ὲν-ζ

572 3884 799 3980 †Philippus
814 3884 1056 3959 Melanthon.”
1504 3914 1566 3997 M,
1599 3912 1804 4001 Crodglia

1251 2728 1306 2801 Dc
1328 2728 1449 2805 schola
1471 2732 1632 2828 θαρσεῖν
1649 2731 1745 2831 χρὴ,
1778 2728 1866 2831 τάχ’
1888 2735 2021 2836 αὔριον
2043 2739 2146 2815 ἔσται

1152 2826 1355 2925 ἄμεινον’)
1405 2832 1510 2906 Nunc
1532 2836 1627 2905 enim
1651 2861 1740 2929 quiae
1758 2838 1804 2908 sit
1819 2840 2005 2932 trepidatio
2019 2858 2146 2935 poten-

1151 2946 1229 3005 tum
1248 2934 1360 3009 vidcs.
1409 2932 1483 3007 Ne'c
1502 2936 1649 3031 despero'
1670 2932 1866 3011 Ecclesiam
1892 2942 1998 3013 ctiam
2024 2969 2066 3016 cx
2087 2943 2147 3018 his

1151 3034 1319 3127 periculis
1343 3036 1573 3110 eluctaturam
1597 3063 1683 3109 esse.
1734 3038 1831 3112 Bene
1853 3043 1949 3131 vale,
1974 3046 2031 3115 vir
2052 3049 2146 3140 opti-

1152 3159 1209 3206 me
1225 3149 1265 3207 ¹ct
1288 3134 1378 3207 mihi
1402 3138 1522 3215 cariss.
1588 3139 1746 3213 Salutem
1771 3142 1838 3213 tihi
1863 3145 2010 3215 asscribi
2033 3148 2145 3220 iusse-

1152 3230 1462 3325 machometus,
1488 3234 1722 3335 Amsdorfios
1744 3260 1779 3317 et
1793 3237 1839 3317 F
1833 3239 2037 3318 arthemius
2053 3265 2146 3323 tuus.

1304 4092 1391 4167 Epio.
1405 4090 1452 4149 tib.
1464 4090 1499 4148 v.
1516 4110 1543 4164 p.
1556 4086 1608 4148 862
1621 4112 1663 4167 sq.

107 4240 181 4317 No.
195 4236 309 4314 2413·
786 4243 866 4323 (tero
881 4244 910 4304 d·
927 4251 985 4312 1¹·
1002 4240 1095 4325 Deo.)
1154 4248 1318 4324 Marco
1335 4242 1370 4323 C
1375 4244 1462 4320 rod
1468 4248 1509 4321 el
1515 4250 1532 4320 ι’
1539 4275 1578 4335 o,
1599 4248 1850 4347 (gubernanti
1862 4250 2030 4327 scholam
2047 4254 2086 4330 T
2085 4284 2146 4331 or-

113 4336 289 4371 Μ
768 4335 1101 4377 m,
1616 4352 1624 4369 ο

384 4404 534 4491 ΙοσσΙι.
568 4402 828 4491 cameron.
1529 4354 1769 4449 ‘mmm

1107 4530 1113 4545 .
1154 4468 1198 4560 S.
1227 4490 1272 4562 D.
1322 4486 1530 4560 Meminisse
1554 4499 1607 4571 te,
1632 4489 1779 4580 opinor,
1812 4489 1987 4573 fabulam,
2013 4494 2050 4566 in
2076 4525 2146 4594 qua

179 4588 267 4663 Epist
282 4588 316 4645 ιδ
329 4584 467 4642 camene.
486 4604 513 4658 P·
528 4584 579 4638 ³⁷⁴
590 4602 630 4657 “t·
649 4582 704 4652 (ed.
717 4581 810 4637 Lena.
822 4580 871 4637 ¹³¹³·
887 4580 934 4637 W·
951 4600 994 4655 ΕΡ·
1006 4582 1082 4650 ²⁵0)
1155 4592 1306 4677 dicitur,
1328 4590 1417 4659 dnos
1433 4612 1605 4682 pauperes
1620 4590 1712 4659 sorte
1728 4590 1766 4658 in
1781 4590 1838 4660 via
1853 4598 2068 4684 convenisse,
2094 4604 2148 4673 al-

1075 4723 1082 4741 .
1156 4713 1272 4764 terum
1299 4715 1460 4775 caecum,
1501 4692 1651 4762 alterum
1677 4691 1855 4775 claudum.
1917 4692 2031 4770 Caeco
2058 4728 2146 4796 opus

106 4722 276 4809 Clarias.
301 4739 333 4801 et
361 4737 433 4827 opt.
460 4726 539 4798 viro
564 4718 807 4797 ΙσσσΙιὶαισ
834 4714 1107 4796 θαιαιιαιιο

147 4832 318 4907 Bamin
334 4824 536 4902 Academia
552 4822 708 4926 Lipsica
724 4827 924 4897 amicosuo
941 4827 1069 4900 carisa.
1156 4806 1479 4864 ⁰f³²tm⁰¹¹⁵¹f²¹¹⁰f⁰
1495 4793 1583 4862 ⁹3³⁰·
1634 4788 1772 4863 Cl³⁰d⁰
1788 4818 1876 4888 ⁰90⁵
1900 4813 1975 4871 ΗΜ
1996 4817 2147 4892 893ῑὸῑο-

105 4948 141 5043 s
183 4966 220 5041 D
281 4964 399 5035 velim
416 4955 619 5035 01„ssth
736 4955 744 4989 .
828 4961 837 4978 .
894 4962 903 4977 ,
1088 5006 1107 5018 .
1156 4923 1205 4972 re.
1256 4893 1531 5015 Communicant
1556 4894 1666 4983 igitur
1688 4918 1824 4986 operas.
1878 4895 2010 4972 Caecus
2038 4908 2147 4977 roba.

144 5014 158 5039 ⁹
219 5018 231 5044 ⁴
566 4984 592 5057 Ρ
622 4983 726 5030 mm
747 4958 784 5056 )’
809 4975 1090 5060 mmmm
1156 5014 1230 5070 stus
1245 4999 1339 5070 tolht
1356 5020 1395 5065 an
1412 4991 1580 5064 humeros
1595 4996 1779 5082 claudum,
1802 4999 1949 5071 claudus
1975 5006 2146 5093 gubernat

106 5066 214 5153 τινὸς
237 5067 367 5139 melius
387 5088 509 5136 cavere
534 5064 631 5149 aliis,
658 5086 763 5156 quam
787 5062 856 5132 sibi
877 5076 993 5133 caret:
1020 5078 1107 5156 petit

1170 5200 1364 5215 ...ι-ψ

107 5234 337 5255 ——n-

140 5324 173 5395 *)
190 5321 253 5381 Atta
267 5340 363 5378 manns
375 5318 517 5393 adscripsit
529 5336 592 5371 anu.
609 5318 683 5371 tatt.
697 5318 852 5388 (repetitum
865 5317 893 5371 in
907 5315 953 5371 tib.
969 5316 1039 5385 Vh).
1192 5316 1219 5382 2)
1238 5315 1299 5372 ttia.
1312 5312 1406 5370 Grau.

145 5416 177 5483 1)
194 5405 452 5468 etnattonteim.
1192 5400 1222 5469 3)
1238 5398 1363 5473 „Verus
1374 5397 1552 5453 Theocriteua
1566 5396 1635 5456 αι’·
1669 5396 1748 5460 C.K.

1264 5468 1352 5550 to·
