4522 5752
72 226 155 303 aar
637 216 1081 299 fartsrouaauu
1129 214 1239 293 stu.
1266 197 1382 298 uu'
1422 220 1551 303 ssu.
1929 304 1931 315 ,
2034 224 2113 298 ars
2228 204 2231 211 ’

72 397 324 485 Sacramenta,
352 394 489 490 lnquit:
517 386 636 469 Cibus
644 389 685 491 ⁸³)
709 386 869 495 quidem(
876 389 988 488 panis
1007 398 1070 475 est,
1125 415 1204 463 cum
1236 388 1400 475 Ecclesia
1439 394 1516 486 lpsa
1554 394 1814 482 deliberantes,
1864 396 2115 491 inquisivimus
2177 371 2183 387 ⁸

71 494 144 571 sed
169 498 211 569 irs
237 521 279 570 eo
304 504 356 570 est
377 518 507 594 eorpus
530 489 694 579 Christi,
727 490 829 594 quod
849 486 1071 586 vivificat-i)
1124 494 1284 566 omnium
1306 509 1465 568 veterum
1487 498 1694 582 sententias,
1729 511 1771 569 ut
1795 500 1926 569 nostris
1947 496 2114 570 Ecclesiis
2146 518 2149 523 ·

66 598 218 673 'Diserte
239 600 375 695 inquit:
402 596 442 668 in
466 621 517 669 eo.
567 596 738 669 Nondum
760 597 856 666 enim
879 597 977 665 orbis
999 607 1071 665 ter·
1124 596 1262 666 firmam
1276 609 1310 669 et
1323 597 1512 671 salutarem
1525 599 1724 670 doctrinam
1738 602 1976 685 traderemus,
2007 613 2041 672 et
2056 623 2115 671 ac-

73 726 199 773 rarum
230 701 444 772 vocabulum
483 697 868 770 transubstantiationis
899 696 1070 769 audierat.
1125 697 1336 790 quiescimus
1362 699 1402 770 in
1433 723 1474 770 ea
1506 700 1698 784 sententia,
1738 725 1845 795 quam
1878 697 2116 789 exhibuimus,
2189 780 2191 785 ,

73 800 280 898 Cyprianus
296 802 430 895 iuquit:
455 793 535 873 Nec
545 808 663 896 potest
679 793 797 869 videri
808 795 967 892 sanguis
984 795 1071 882 eius,
1124 823 1232 892 quam
1246 800 1387 892 etpiam
1403 813 1435 871 et
1451 801 1495 870 ad
1511 803 1681 871 sedandas
1698 802 1890 874 discordias
1904 804 2026 874 utilem
2041 810 2116 873 ‘csse

76 926 152 1001 quo
175 897 351 998 raderupti
370 897 402 975 cl
420 895 596 994 vivificati
613 924 760 981 sumus,
792 921 865 970 csse
887 898 928 968 in
948 894 1070 980 calice,
1125 899 1322 972 iudicamus
1332 896 1389 997 ²⁸).
1445 900 1517 974 Sed
1547 903 1577 971 si
1607 899 1652 977 D.
1673 898 1810 973 Eccius
1841 905 1936 975 volet
1965 904 2115 975 excitare
2174 925 2184 931 ·

77 998 231 1103 quando
251 1001 375 1074 vinum
397 994 490 1073 desit
513 1000 639 1088 culr'ci,
665 1024 738 1100 quo
753 993 902 1072 Christi
912 996 1072 1093 sanguis
1125 1001 1260 1073 maiora
1276 1002 1486 1090 certamina,
1517 1005 1780 1095 providendum
1801 1018 1852 1075 est
1867 1006 1971 1076 bonis
1988 1007 2116 1095 guber-

78 1099 295 1181 ostcnditur.
344 1098 565 1195 Augustinus
581 1104 666 1174 satis
680 1105 750 1175 sibi
763 1114 917 1188 constat,
942 1102 972 1170 si
988 1103 1073 1170 dex·
1126 1101 1380 1201 natoribus²⁷),
1412 1128 1458 1174 ne
1479 1104 1567 1176 tales
1583 1101 1878 1203 contentiones²⁸)
1892 1107 2115 1177 inflamment

77 1220 135 1279 tre
160 1206 416 1297 intelligatur..
446 1203 580 1276 Panem
607 1217 642 1275 et
667 1229 796 1296 corpus
821 1203 1006 1292 coniungit
1014 1196 1072 1298 ¹⁰):
1127 1216 1163 1277 et
1176 1220 1327 1295 augeant
1344 1207 1502 1281 dissidia.

78 1302 197 1405 Quod
210 1300 367 1388 videtur,
386 1304 501 1402 punis
516 1313 589 1383 est;
615 1299 820 1404 quodfides
833 1301 998 1402 postulat
1014 1301 1074 1372 in·
1226 1303 1323 1377 Haec
1335 1308 1709 1397 commemoravimus,
1733 1321 1785 1397 ut,
1810 1332 1891 1380 cum
1904 1321 2039 1380 constet
2049 1331 2117 1380 nos

78 1401 278 1493 struenda,
309 1403 423 1504 panis
448 1413 499 1477 est
521 1430 651 1504 corpus
665 1399 821 1478 Christi.
870 1401 919 1477 Et
937 1403 1074 1498 perspi·
1127 1403 1280 1479 retinere
1294 1432 1414 1479 veram
1432 1410 1685 1501 praesentiam,
1719 1434 1764 1481 ue
1779 1433 1945 1503 cogamur
1963 1411 2120 1502 recipere

80 1502 190 1583 cuum
210 1523 263 1581 est
282 1505 418 1580 Gelasii
437 1506 596 1582 Romani
613 1506 796 1580 Pontificis
818 1506 1075 1592 testimonium,
1128 1531 1188 1595 ea,
1213 1532 1303 1603 quac
1320 1510 1458 1581 addidit
1473 1511 1649 1583 recentior
1666 1525 1759 1584 aetas
1779 1512 1824 1582 de
1839 1512 2037 1583 abiectione
2054 1533 2118 1582 na·

77 1611 149 1707 qui
170 1610 307 1705 inquit:
348 1597 454 1683 Certe
477 1617 730 1694 sacramenta,
763 1631 859 1707 quae
884 1603 1076 1692 sumimus,
1126 1621 1228 1680 turae
1250 1611 1364 1701 panis.
1413 1610 1557 1684 Adiecti
1579 1626 1661 1684 suut
1681 1613 1824 1684 articuli
1845 1614 1890 1682 de
1913 1614 2118 1705 reponendo

80 1709 246 1809 corporis
258 1717 291 1782 cl
303 1708 504 1805 sanguinis
512 1703 669 1792 Christi,
693 1705 891 1806 divinae¹²)
907 1731 963 1779 res
976 1715 1076 1792 sunt,
1128 1709 1354 1782 Sacramenta
1373 1725 1407 1781 et
1424 1715 1467 1782 de
1484 1713 1658 1803 repositae
1674 1715 1784 1806 partis
1798 1715 2022 1800 adoratione,
2046 1713 2121 1807 qui,

80 1821 231 1911 propter
258 1806 364 1911 quod
384 1819 416 1882 at
435 1807 555 1909 pcr¹⁸)
578 1805 702 1882 eadem
724 1807 872 1882 divinae
895 1804 1079 1908 efficimur
1128 1810 1193 1880 ubi
1215 1825 1266 1881 est
1281 1834 1366 1883 usus
1384 1814 1513 1904 integri
1528 1814 1746 1886 Sacramenti
1760 1838 1822 1885 seu
1839 1817 2023 1910 utriusque
2039 1838 2121 1906 spe-

81 1922 265 2009 cousortes
279 1920 458 1991 naturae;
484 1920 515 1982 et
530 1922 740 1983 tamennon
758 1906 1078 1984 desinitessesub-
1129 1913 1214 1998 ciei,
1243 1914 1363 1984 locum
1384 1937 1459 1984 non
1479 1910 1624 1988 habent.
1674 1913 1764 1987 Nam
1785 1915 1911 1986 vinum
1927 1916 2121 2008 repositum

80 2011 230 2088 stantia
245 2009 302 2087 vel
315 2009 504 2105 naturu¹⁹)
518 2011 633 2108 punis
647 2023 678 2084 et
696 2012 786 2085 vini.
806 2014 866 2087 Sic
880 2011 1079 2084 etNicaena
1129 2014 1249 2085 statim
1263 2029 1560 2108 corrumperetur.
1609 2013 1683 2087 Nec
1700 2041 1765 2088 nos
1784 2040 1890 2088 usum
1911 2019 2019 2088 unius
2038 2041 2123 2109 par·
2169 2099 2173 2109 Ι

81 2116 253 2212 Synodus
268 2114 448 2208 loquitur:
472 2110 563 2190 Non
577 2110 815 2186 attendamus
830 2109 1031 2212 adponam
1048 2118 1079 2182 ct
1131 2115 1176 2185 tis
1190 2129 1252 2186 aut
1267 2118 1397 2188 abusus
1412 2118 1496 2188 inde
1513 2119 1832 2189 ortosconfirmare
1853 2132 1974 2191 nostra
1992 2142 2123 2212 appro-

81 2215 257 2316 poculum
281 2214 321 2286 in
343 2209 472 2284 divina
494 2239 621 2288 mensa
642 2215 889 2314 propositum,
911 2210 996 2301 scd,
1021 2221 1081 2285 at·
1131 2216 1275 2287 batione
1301 2241 1488 2311 possumus
1515 2218 1605 2291 sicut
1628 2219 1667 2287 in
1687 2218 1808 2289 multis
1828 2213 2014 2305 Ecclesiis,
2056 2242 2122 2290 nec

83 2315 256 2391 tollentes
282 2324 434 2387 mentem
448 2311 549 2410 fide,
581 2317 798 2411 cogitemus,
830 2316 945 2387 iacere
972 2314 1013 2387 irs
1038 2337 1079 2385 ea
1132 2318 1314 2412 quondam
1337 2322 1575 2412 reponebatur
1598 2321 1695 2415 quod
1719 2333 1898 2412 supererat
1922 2334 2003 2415 post
2025 2345 2124 2391 com-

85 2441 217 2491 measa
239 2440 380 2512 agnum
400 2411 489 2489 Dei.
537 2415 733 2513 Coniungit
757 2420 1021 2512 igiturpanem
1046 2429 1083 2489 et
1133 2419 1357 2505 munionem,
1397 2434 1437 2492 ut
1466 2422 1572 2492 docet
1603 2446 1678 2513 cap.
1704 2419 1837 2493 Tribus
1864 2423 1908 2492 de
1932 2434 2124 2498 consecrat.

85 2544 218 2615 corpus
232 2516 435 2617 Christi.²⁰)
526 2545 536 2557 ·
745 2540 749 2550 ·
1134 2519 2012 2614 ldeoarticulosadelectisoblatosnonrecipimus.
2029 2516 2125 2617 Et²⁰)

188 2620 262 2692 Nec
286 2621 490 2711 ignoramus
513 2621 727 2692 recentiores
751 2621 940 2713 scriptores
962 2632 1083 2712 postea
1134 2633 1337 2692 reverenter
1357 2646 1519 2710 oramus,
1562 2637 1604 2695 ut
1626 2618 1719 2695 hanc
1742 2638 1900 2695 nostram
1923 2624 2128 2716 responsio·

83 2719 355 2901 philosophatos
371 2725 503 2792 essede
519 2723 716 2793 abiectione
733 2723 950 2794 substantiae
969 2721 1083 2814 panis.
1135 2747 1216 2793 nem
1231 2720 1470 2795 Celsitudines
1483 2738 1620 2796 vestrae
1636 2726 1726 2796 boni
1738 2726 1935 2797 consulant.
1985 2724 2128 2819 Nosque

122 2825 300 2896 tmaxima
314 2825 418 2895 turba
433 2837 484 2894 est
498 2824 692 2895 recentium
700 2819 743 2919 ²¹)
752 2824 977 2913 scriptorum.
1013 2821 1083 2894 Sed
1136 2826 1181 2897 ad
1197 2824 1373 2921 reliquam
1385 2826 1610 2901 collationem
1627 2826 1820 2902 offerimus.
1848 2862 1854 2873 ·
2166 2884 2170 2891 .

86 2946 156 2996 nos
176 2948 258 2996 cum
270 2923 384 2994 Paulo
407 2937 443 2995 et
465 2937 602 2995 vetusta
616 2922 773 2995 Ecclesia
792 2923 987 3017 loquimur.
1037 2919 1085 2993 Et
1652 2925 1842 3021 Philippus
1856 2924 2083 3006 Melanthon.

87 3022 177 3097 haec
206 3025 381 3103 sententia
409 3025 581 3117 praecidit
596 3021 641 3120 ²²)
671 3027 842 3120 quasdam
871 3022 1084 3117 periculosas
1652 3028 1833 3103 Martinus
1846 3028 2017 3105 Bucerus.

88 3126 359 3220 disputationes.
1651 3126 2053 3228 IoannesPistorius.’⁰)

192 3221 372 3297 Audimus
393 3238 530 3315 autem,
561 3223 660 3324 11³³)
682 3221 836 3298 Eccium
864 3249 980 3320 nuper
1005 3238 1086 3322 post

89 3320 284 3400 exhibitam
305 3328 497 3399 formulam
520 3352 638 3400 coram
654 3331 757 3401 vobis
773 3329 1026 3401 contumeliose
1046 3329 1086 3397 in

12 3532 15 3537 Ι
88 3451 158 3499 nos
174 3429 355 3501 invectum
372 3452 462 3515 esse,
493 3444 528 3501 et
543 3430 677 3501 crimen
692 3430 796 3501 nobis
811 3429 981 3502 obiecisse
994 3428 1086 3513 salsi,
1138 3465 1206 3541 No·
1218 3463 1333 3539 2224·
1959 3483 2016 3546 10.
2033 3471 2119 3538 M·

89 3532 190 3623 quod
213 3531 339 3600 fraude
364 3543 530 3620 corrupta
554 3531 863 3624 aut'supposititia
884 3531 1086 3603 testimonia
1144 3562 1317 3595 *m
1954 3564 2128 3601 ww

89 3632 253 3704 citemus.
302 3629 370 3700 His
386 3631 574 3701 calumniis
591 3632 698 3702 fidem
721 3633 853 3703 nostris
875 3629 1086 3702 testimoniis
1273 3645 1526 3737 emiliam·
1543 3646 1655 3738 SM..
1673 3650 1738 3737 ad
1750 3650 2003 3740 Electorem·

76 3727 279 3809 ‚detrahere
301 3745 463 3807 conatur.
521 3730 593 3803 Sed
616 3733 684 3804 erit
708 3733 880 3804 iudicium
907 3755 1088 3817 sanorum,

89 3835 328 3924 prudentum,
366 3846 402 3904 et
421 3833 643 3904 eruditorum
665 3833 826 3904 virorum
835 3830 881 3931 ⁸⁴)
903 3846 978 3904 ,010
1001 3834 1088 3903 orb,
1207 3829 1229 3895 f
1248 3825 1286 3881 tta
1304 3829 1473 3906 autographo
1492 3829 1523 3887 tn
1539 3829 1638 3895 tabat.
1651 3828 1749 3891 ttusr.
1767 3830 1835 3906 Reg.
1847 3831 1890 3902 a<
1903 3832 1953 3931 tot.
1967 3831 2012 3888 48.
2031 3829 2094 3889 vot
2109 3834 2133 3893 1.

89 3926 268 4006 terrarum
278 3930 321 4027 “)
340 3934 384 4003 de
399 3947 548 4026 utraque
564 3958 619 4003 re:
645 3936 719 4005 utri
736 3937 817 4028 plus
837 3936 920 4006 fidei
938 3950 971 4008 et
993 3935 1089 4005 iudi·
1242 3896 1344 3967 ²⁸⁶*

91 4035 138 4105 cii
155 4035 195 4104 iu
209 4035 355 4106 'citando
370 4031 574 4109 adhibeant.
1140 4045 1215 4121 Der
1229 4045 1477 4145 bodgebotnsn
1492 4096 1541 4112 -
1559 4094 1606 4112 -
1622 4047 1734 4146 ,betta
1749 4047 1922 4146 &abano
1945 4051 2134 4140 arietet·

196 4134 280 4207 Non
311 4137 474 4207 venimus
504 4139 611 4206 rudes
644 4137 688 4206 acl
713 4130 805 4207 hanc
831 4158 990 4221 causam,
1026 4135 1089 4205 sed
1140 4149 1240 4242 (ben,
1261 4195 1310 4211 ..
1336 4149 1561 4245 ρᾒῑῇὶῑῇρη,
1594 4151 1783 4249 anaspum
1806 4152 2006 4247 &obeunt
2028 4155 2135 4233 &tna

91 4237 328 4332 pervestigata
352 4250 404 4309 est
423 4238 529 4308 nobis
549 4250 623 4309 tota
648 4238 861 4334 antiquitas,
882 4251 952 4351 pet,
989 4236 1090 4331 quasi
1246 4247 1341 4342 pen,
1367 4251 1574 4342 meatuum,
1595 4253 1761 4350 &agogen
1776 4275 1814 4346 ἆυ
1830 4256 1974 4351 &septen
1986 4277 2026 4332 g,

93 4406 318 4483 .··········
784 4472 788 4481 .
1140 4366 1388 4474 (battutas,
1413 4378 2140 4480 obsessosuututauttmastua‘

127 4495 175 4608 2⁵)
193 4490 262 4548 cel·
276 4489 451 4574 Btuinutp
464 4491 546 4592 Arrun
559 4506 610 4559 rw
627 4487 720 4578 cgaug.
799 4550 810 4573 ,
833 4559 846 4576 ,
1029 4552 1036 4572 ,
1140 4486 1355 4584 urguetur,
1368 4485 1499 4582 arsag
1513 4490 1588 4584 aad)
1601 4490 1824 4569 Misericord.
1837 4494 1977 4567 domini
1990 4494 2133 4591 gethae

147 4576 159 4635 J
179 4560 289 4633 „Verba
300 4559 442 4683 Eppphantr
456 4568 534 4612 sunt.
559 4561 608 4613 luc
627 4576 677 4612 oux
692 4572 776 4627 αρτος
794 4574 862 4629 puer
877 4553 991 4629 ydram
1001 4554 1090 4610 duru-

164 4650 212 4705 μις
245 4621 863 4699 Μδναμιςᾶρτουικαὶβρῶσιςμίνὸἄ
896 4643 940 4695 os,
961 4620 1089 4705 {atst—
1145 4632 1392 4683 -“---.

163 4720 202 4758 ra
220 4669 379 4771 ἰςέναῦτῷ
392 4692 593 4770 ζωογόνησιν.”
623 4693 860 4775 Haecl’ezelipss
891 4710 1053 4773 margatum.
1329 4692 1334 4703 '
1408 4758 1414 4773 .
1458 4758 1464 4772 .
1517 4757 1523 4771 .

129 4768 176 4838 16)
194 4720 300 4822 pamm
313 4774 343 4818 et
356 4784 433 4832 corp.
447 4768 534 4833 coni]
545 4764 642 4820 duum
655 4760 736 4831 Pam,
752 4760 801 4818 sed
811 4762 990 4829 adducturus
1006 4760 1088 4817 codd.
1175 4758 1221 4826 26)
1240 4754 1310 4813 cod.
1323 4755 1391 4815 Bar.
1401 4760 1596 4811 ruduausmus.

165 4847 193 4891 et
206 4834 277 4906 apud
290 4832 405 4891 uatus.
696 4878 700 4885 .
901 4895 904 4900 Ι
1174 4826 1220 4891 at)
1236 4827 1347 4892 prouid.
1363 4834 1405 4879 est
1418 4826 1481 4879 bon.
1492 4826 1570 4893 aaa]
1584 4825 1646 4881 cod.
1659 4826 1724 4880 Bar.
1738 4836 1859 4886 tantum:
1878 4832 1984 4893 uideat.

130 4907 178 4973 17)
196 4904 259 4958 Per.
272 4905 378 4957 dracho.
588 4902 633 4971 18)
650 4915 704 4966 per
716 4916 771 4955 om.
783 4896 847 4955 cod.
860 4895 926 4952 Bar.
1173 4896 1221 4964 18)
1239 4896 1313 4948 tates
1327 4896 1519 4950 coutentium
1530 4912 1587 4950 om.
1600 4894 1664 4952 eod.
1679 4896 1745 4954 Ber.

128 4973 175 5042 19)
195 4972 265 5029 (lod.
275 4970 340 5025 Bar.
360 4976 389 5023 et
409 4978 507 5025 tamea
522 4986 580 5025 aon
595 4973 699 5025 desunt
713 4983 775 5024 esse
786 4965 964 5021 substantiae
977 4968 1022 5021 uel
1031 4984 1089 5022 aa·
1172 4965 1216 5030 29)
1234 4963 1272 5016 Et
1285 4982 1341 5018 om.
1354 4963 1416 5019 cod.
1430 4963 1512 5030 Bam,
1529 4962 1594 5017 item
1607 4965 1688 5035 paulo
1701 4973 1762 5019 ante
1774 4967 1894 5023 oblatos.

164 5051 257 5097 turae.
496 5098 499 5103 ,
712 5082 716 5089 ,
1173 5035 1220 5099 80)
1239 5032 1357 5085 Nomina
1372 5031 1520 5112 subscripta
1534 5031 1700 5114 legun'tur'in
1715 5035 1775 5088 cod.
1788 5034 1871 5106 Bau,
1888 5035 1949 5092 cod.
1960 5038 2003 5093 94.
2015 5049 2041 5094 et
2053 5046 2125 5114 apud
2207 5046 2211 5051 '

127 5110 177 5176 10)
196 5108 347 5174 coniungit
359 5106 445 5172 ἰδίων
457 5115 509 5162 etc.
522 5105 584 5164 cod.
597 5106 662 5163 Bar.
676 5104 702 5160 h.
714 5105 732 5157 l.
746 5121 802 5157 om.
821 5098 868 5170 (ci.
882 5111 940 5157 not.
953 5102 1019 5171 16.)
1206 5100 1321 5156 lleshus.
1340 5129 1376 5142 -·
1390 5167 1397 5180 ·
1410 5099 1521 5154 Addrdrt
1532 5100 1655 5154 Peaehus
1667 5121 1694 5154 m
1710 5102 1779 5156 fines

128 5181 176 5246 tt)
194 5177 265 5232 coa.
278 5177 343 5232 Bur.
355 5178 548 5259 recentibrurra
649 5175 695 5241 22)
715 5171 784 5228 cod.
799 5168 1029 5239 ssaupraeuttee.
1240 5168 1325 5237 „llos
1344 5181 1476 5238 scriptum
1496 5167 1531 5223 D.
1552 5168 1711 5251 Grpnuelus
1729 5163 1844 5240 primum
1865 5189 1921 5224 non
1942 5175 2028 5253 relisit
2048 5174 2123 5236 ac'ci.

129 5246 178 5383 iil
195 5244 344 5381 iiiiii?
355 5240 859 5377 itltttm‘ialhttt‘tt
1239 5248 1462 5381 :ztt‘tstttit
1475 5236 2123 5379 ²„litiatlt‘tta'hjtilt'tdtttttt

129 5385 176 5453 25)
190 5385 363 5453 praetentum
375 5389 405 5436 ct
419 5390 470 5438 etc.
483 5398 541 5437 non
555 5379 634 5437 babet
644 5379 709 5441 cod.
719 5375 792 5432 Gall.
813 5412 817 5420 -
1239 5375 1340 5449 „tertia
1354 5372 1421 5429 bora
1436 5374 1651 5431 convenerunt.n

1275 5442 1357 5529 tt*
