4522 5752
63 223 141 296 217
631 216 1060 311 nersrouanuu

68 404 141 461 tute
164 388 233 461 hoc
257 392 527 462 Sacramentum
548 392 734 462 conficitur
756 403 791 461 et
819 416 890 484 quo
924 390 978 476 bt,
1020 406 1061 462 ut

66 506 145 584 post
161 494 480 583 consecrationem,
504 517 629 562 verum
646 516 774 585 corpus
794 506 829 562 et
852 515 955 561 verus
979 513 1061 560 san-

63 594 143 682 guis
165 594 324 679 domini,
354 618 438 664 vere
459 606 496 664 et
514 594 794 665 substantialiter
809 594 944 679 adsint,
969 605 1005 663 ct
1019 593 1062 662 fi-

63 695 207 765 delibus
238 697 305 767 sub
326 688 447 786 specie
460 695 563 786 panis
591 706 625 765 et
645 695 739 780 vini,
777 696 849 765 illis
879 695 1062 781 nimirum,

62 791 219 882 horest,
237 790 334 889 pane
349 809 385 866 et
402 797 487 866 vino
503 797 544 865 in
559 820 687 888 corpus
711 811 745 869 et
765 796 971 886 sanguinem
995 797 1062 866 do-

64 898 156 966 mini
180 896 424 969 transmutatis
444 910 479 968 et
500 891 915 994 transsubstantiatis⁸⁶),
940 896 1062 967 distri-

64 1002 216 1085 buatur,
250 1000 314 1094 qui
343 992 454 1070 habet
473 999 512 1068 in
535 994 812 1070 huncmodum:
847 994 1005 1090 Accipite
1027 1012 1063 1069 et

65 1101 276 1171 manducate
301 1125 342 1171 ex
367 1094 434 1170 hoc
457 1124 597 1187 omnes,
631 1094 700 1170 hoc
723 1114 775 1170 est
795 1123 923 1192 corpus
941 1124 1060 1170 mcum

64 1203 162 1295 quod
177 1226 243 1295 pro
261 1201 363 1272 vobis
376 1203 551 1289 tradetur3
578 1216 614 1272 et
629 1203 674 1272 ad
689 1202 852 1273 calicem:
876 1199 997 1272 Bibite
1020 1226 1062 1270 ex

64 1299 135 1373 hoc
150 1326 293 1390 omnes,
316 1298 375 1373 hic
391 1315 443 1373 est
457 1303 552 1373 enirn
566 1304 708 1394 sanguis
723 1326 824 1373 meus
846 1303 933 1372 nevi
956 1316 1062 1374 testa-

64 1405 198 1491 menti,
227 1405 291 1500 qui
313 1428 380 1499 pro
403 1404 525 1476 multis
546 1405 743 1477 effunditur
758 1405 798 1476 in
817 1402 1060 1475 remissionem

64 1520 301 1596 peccatorum.

166 1604 395 1678 Elementum
410 1630 495 1677 vero
512 1621 564 1679 est
576 1607 678 1699 panis
692 1619 727 1676 et
741 1606 884 1692 vinum,
911 1607 955 1677 ad
972 1626 1061 1698 quae

63 1732 146 1778 curn
176 1709 312 1781 accedit
344 1709 492 1779 verbum
526 1708 566 1780 fir
594 1706 879 1793 Sacramentum
921 1708 1061 1777 duobus

62 1811 161 1880 enim
177 1805 245 1880 hoc
260 1823 516 1881 sacramentum
537 1809 737 1894 conficitur,
756 1807 891 1877 visibili
905 1810 1065 1895 elumen-¹

61 1923 184 1983 torum
197 1913 331 2004 specie,
356 1924 391 1981 et
408 1911 582 1980 invisibili
601 1934 748 2002 corpore
756 1905 798 2005 ⁵⁷)
823 1924 859 1980 et
879 1910 1061 1999 sanguine,

61 2036 153 2106 quae
170 2008 239 2082 hoc
255 2012 483 2084 Sacramento
498 2036 579 2081 vere
594 2025 630 2082 et
642 2013 786 2082 realiter
799 2011 1060 2104 participamus.

167 2113 232 2183 Vis
249 2108 358 2185 huius
373 2112 592 2184 Sacramenti
615 2128 687 2198 est,
711 2126 751 2184 ut
773 2137 836 2204 per
854 2111 1059 2181 vivificatri-

62 2238 138 2284 cem
160 2238 301 2286 carnem
326 2213 509 2284 salvatoris
529 2215 644 2285 nostri
666 2211 748 2308 lesu
761 2209 913 2299 Christi,
942 2214 975 2283 ei
995 2236 1059 2281 ne-

62 2318 150 2388 dum
172 2316 432 2409 spiritualiter,
464 2317 525 2385 sed
550 2330 585 2387 et
607 2315 837 2408 corporaliter
860 2317 1059 2404 iungamur,

63 2432 99 2488 et
122 2418 319 2490 efficiamur
341 2440 382 2488 os
401 2418 445 2486 de
467 2417 607 2489 ossibus
629 2417 723 2502 eius,
749 2430 879 2487 etcaro
895 2419 1058 2486 decarne

63 2520 158 2604 eius,
184 2520 382 2611 certificati,
408 2520 504 2613 quod
526 2520 567 2588 in
590 2519 668 2612 ipso
690 2514 833 2590 Christo
858 2517 938 2588 Iesu
959 2541 1057 2587 acce-

60 2621 221 2714 perimus
235 2621 477 2691 remissionem
491 2633 725 2712 peccatorum,
750 2634 786 2691 et
797 2619 1059 2711 insacramen-

60 2736 99 2793 to
116 2722 288 2793 virtutem
305 2722 540 2810 restringendi
554 2722 873 2814 concupiscentiam
890 2721 928 2789 in
947 2745 1059 2791 mern-

59 2825 138 2894 bris
161 2825 294 2894 nestris
316 2817 536 2909 haerentem
559 2822 803 2893 dulcissimum
822 2835 913 2891 certe
930 2822 1058 2913 pignus

59 2925 281 2996 remissionis
293 2938 535 3019 peccatorum,
561 2923 654 2994 vitae
677 2938 858 3008 aeternae,
890 2936 926 2993 et
948 2923 1059 2993 socie-

59 3026 144 3099 tatis
165 3051 248 3097 eum
266 3026 344 3098 Deo
371 3026 476 3097 nobis
494 3024 532 3096 in
555 3021 700 3098 Christo
724 3023 917 3116 promissae
940 3039 974 3094 et
998 3048 1056 3094 ex-

60 3124 211 3200 hibitae.
407 3128 411 3135 ’

520 3225 601 3302 XV.

18 3348 25 3357 '
111 3347 170 3410 ne
191 3342 409 3408 Somnum
429 3324 742 3406 Poenumrae‘seu
762 3337 1008 3406 Absolutionis.

160 3446 280 3519 Huius
301 3446 520 3518 Sacramenti
553 3445 700 3516 verbum
730 3444 835 3520 Matt.
852 3445 939 3520 ts.:·
955 3444 1057 3535 Quae

59 3550 254 3642 ligaveritis
269 3571 375 3639 super
390 3561 540 3633 terram,
565 3560 672 3618 erunt
692 3546 798 3636 ligata
822 3548 861 3616 in
880 3547 1001 3632 coelis,
1023 3562 1058 3618 et

57 3674 151 3747 qnae
167 3649 361 3733 solveritis,
386 3663 494 3720 erunt
509 3648 624 3719 soluta
646 3649 732 3718 etin
749 3648 865 3718 coelis.
915 3644 964 3717 Et
979 3642 1056 3723 loh.

56 3753 307 3843 selegimus:
337 3747 452 3835 Haec,
483 3750 602 3843 inquit
616 3745 862 3839 Evangelista,
895 3749 1057 3820 cumdi-

56 3857 166 3926 xisset
182 3852 298 3939 lesus,
323 3850 521 3922 insufflavit
537 3852 576 3920 in
592 3850 801 3947 Apostolos,
827 3864 864 3921 et
888 3851 977 3922 dixit
995 3853 1056 3938 eis,

58 3954 220 4049 Accipite
245 3953 418 4057 Spiritum
447 3966 629 4040 sanctum,
670 3977 822 4047 quorum
849 3952 1055 4023 remiseritis

55 4072 222 4151 peccata,
251 4055 477 4126 remittentur
499 4054 569 4140 eis,
597 4067 632 4125 et
653 4077 806 4147 quorum
827 4053 1055 4141 retinueritis,

57 4173 195 4245 retenta¹
212 4171 327 4230 erunt.
379 4154 539 4226 Verbum
555 4178 639 4225 sane
665 4156 765 4224 omni
786 4155 956 4225 suavitate
977 4155 1054 4247 ple-

56 4285 146 4331 num
167 4273 203 4331 et
222 4259 447 4341 redundans,
478 4282 550 4351 quo
580 4255 728 4326 mirifice
756 4255 942 4347 eriguntur
968 4281 1055 4326 con-

56 4362 224 4432 scientiae
238 4361 419 4452 lapsorum
441 4374 520 4449 post
533 4355 773 4449 Baptismum,
796 4357 926 4451 quibus
951 4356 1054 4450 impii

55 4461 249 4533 Novatiani
273 4461 529 4552 poenitentiam
548 4461 589 4530 in
609 4455 769 4529 Ecclesia
793 4460 946 4528 dandam
970 4482 1055 4546 esse,

54 4560 262 4656 blasphema
280 4560 398 4633 inDei
408 4561 688 4632 misericordiam
704 4585 809 4646 voce,
825 4575 1054 4650 negaverunt.

157 4661 388 4735 Elementum
400 4656 534 4760 vero'⁶)
549 4675 601 4734 est
616 4662 707 4733 ritus
723 4663 784 4731 ille
797 4662 960 4746 exterior,
982 4688 1052 4756 quo

54 4767 262 4859 impartitur
283 4779 318 4837 et
332 4764 503 4857 accipitur
522 4763 700 4835 absolutio
721 4763 761 4832 in
782 4764 891 4834 verbo
906 4759 1054 4850 Christi,

52 4900 267 4919 m

87 4958 134 5025 ⁵6)
155 4957 259 5011 Verbss
273 4958 330 5010 itlr's
343 4955 477 5008 nimium
486 4992 495 5018 ,
511 4956 620 5008 horest
636 4964 689 5010 ete.
710 4952 826 5025 margini
847 4952 909 5006 libri
922 4952 1049 5008 listisbo·

121 5044 172 5081 nae
184 5025 294 5080 demum
307 5025 441 5095 adscripta
454 5031 481 5076 et
494 5022 576 5077 textui
596 5022 698 5077 inserta
714 5032 787 5076 sunt.
825 5020 890 5077 vid.
903 5041 946 5094 ep.
958 5022 1050 5076 Theo·

122 5096 249 5166 logorum
263 5093 296 5147 ad
310 5091 481 5148 fridericum
493 5090 580 5145 Palat.
598 5091 626 5143 d.
642 5095 682 5144 10.
693 5090 770 5145 Maii.
788 5118 824 5130 ·-
849 5092 992 5145 Caeterum
1006 5090 1050 5147 bic

122 5165 251 5285 iphnpsrg.
266 5159 340 5282 Opp.
356 5159 424 5218 Mel.
439 5158 515 5279 adda
540 5159 821 5281 „llictpollppptores
841 5161 1048 5230 protestantium

120 5250 135 5286 e
170 5248 285 5284 ruerun
311 5247 455 5284 suurnscrr
488 5247 569 5282 urnsr
589 5246 622 5280 ua
655 5246 682 5280 m
723 5264 732 5282 .

83 5314 133 5381 ⁵7)
151 5312 221 5371 Boc.
234 5319 261 5367 et
272 5310 338 5367 Bel.
355 5247 489 5365 invisibili
500 5247 614 5365 domiin·
623 5298 1024 5366 emmerammum.

84 5382 131 5450 68)
150 5398 218 5437 vero
230 5381 328 5436 excidit
340 5399 383 5452 sp.
396 5379 481 5435 Perre.

1110 219 1219 294 nte.
1256 221 1355 298 vul.
1411 219 1545 310 1541.
1962 254 1965 261 -
2024 192 2099 293 us

1111 388 1160 461 Et
1176 392 1344 485 quoniam
1357 395 1553 463 sacerdotes
1569 393 1607 461 in
1623 388 1689 461 boc
1706 390 1931 466 sacramento
1947 393 2101 462 medicos

1111 508 1221 582 agunt
1243 495 1465 586 spirituales,
1496 495 1558 588 qui
1580 494 1811 564 conscientias
1830 506 1865 564 et
1878 508 2101 585 peccatorum

1110 608 1146 664 et
1166 595 1336 665 vitiorum
1358 596 1493 689 laqueis
1517 597 1705 687 implicitas
1731 596 1909 687 expedire,
1950 608 1985 663 et
2007 595 2101 665 mole

1111 695 1183 768 irae
1197 694 1266 766 Dei
1278 719 1413 789 pressas
1427 697 1601 767 consolari
1616 711 1651 767 et
1666 696 1798 787 erigere
1815 697 1945 768 debent
1953 687 2010 790 *):
2044 695 2101 765 id·
2124 746 2130 756 -

1111 797 1203 868 circo
1219 813 1359 890 peccata
1376 797 1497 867 saltem
1513 799 1643 883 letalia,
1670 823 1822 892 quorum
1836 799 1917 892 quis
1931 794 2001 866 sibi
2015 822 2102 867 con·
2206 838 2210 847 -

1111 899 1203 969 scius
1224 912 1276 970 est
1304 913 1340 969 et
1364 923 1453 993 quae
1473 899 1724 971 conscientiam
1745 900 1948 992 perplexam
1971 912 2103 985 tenent,

1111 1014 1146 1071 et
1167 1014 1319 1091 angunt,
1353 1000 1551 1071 confitenda
1573 1015 1667 1076 sunt.
1734 998 1870 1071 lustum
1898 1025 2039 1095 quoque
2069 1017 2103 1069 et

1110 1115 1270 1172 sanctum
1285 1114 1354 1188 est,
1378 1116 1419 1173 ut
1432 1105 1476 1172 ad
1492 1103 1681 1173 minimum
1695 1102 1886 1195 ‹protannis
1901 1104 2008 1172 semel
2023 1104 2103 1195 qui·

1110 1204 1199 1275 libet
1211 1229 1249 1275 se
1265 1203 1440 1275 curationi
1456 1204 1607 1295 pastoris
1621 1203 1676 1274 sui
1690 1203 1871 1290 subiiciat,
1895 1228 1966 1298 quo
1982 1217 2103 1297 paster
2147 1264 2149 1268 ,

1111 1306 1216 1375 fidem
1235 1318 1270 1376 et
1287 1307 1553 1377 conversionem
1567 1306 1767 1377 confitentis
1783 1306 1956 1401 exploret,
1979 1318 2014 1375 et
2036 1328 2102 1397 pm

1110 1431 1173 1478 sua
1199 1406 1387 1503 spirituali
1416 1407 1607 1500 prudentia
1634 1422 1668 1478 et
1692 1407 1858 1499 prudenti
1885 1407 2035 1485 arbitrio
2061 1430 2103 1475 ex

1111 1510 1219 1579 verbo
1232 1507 1300 1579 Dei
1323 1508 1568 1594 informando,
1593 1510 1729 1580 morbis
1752 1510 1950 1580 confitentis
1972 1509 2102 1580 saluta·

1110 1610 1412 1681 rem'medicinam
1425 1606 1608 1697 adhibeat,
1634 1606 1716 1680 huc'
1727 1611 1822 1681 enirn
1836 1610 1980 1705 respicit
2002 1634 2102 1703 para-

1110 1713 1193 1784 bola
1208 1713 1252 1781 de
1267 1709 1490 1783 Samaritano
1507 1711 1622 1783 Lucae
1639 1712 1698 1787 10.

1210 1812 1277 1882 Vis
1296 1827 1420 1885 autem
1441 1808 1548 1884 huius
1565 1813 1784 1886 Sacramenti
1808 1827 1875 1900 est,
1908 1826 1948 1884 ut
1969 1812 2104 1882 intelli-

1110 1930 1210 2007 gant,
1235 1939 1301 1985 nec
1317 1917 1499 2000 dubitent,
1527 1915 1588 2010 qui
1607 1940 1648 1986 eo
1664 1916 1765 2007 signe
1788 1915 1989 2007 apeccatis,
2015 1936 2104 2006 quae

1110 2020 1181 2087 iam
1197 2017 1353 2107 legitime
1368 2018 1516 2086 confessi
1533 2032 1635 2103 sunt,
1660 2018 1904 2096 absolvuntur,
1931 2030 1966 2086 et
1980 2010 2103 2085 Eccle-

1109 2118 1497 2209 siaereconeiliantur,
1531 2143 1567 2188 se
1588 2131 1811 2211 peccatorum
1836 2116 1989 2188 vinculis
2012 2116 2103 2186 libe·

1110 2220 1201 2301 rari,
1234 2233 1269 2289 et
1292 2213 1473 2291 Christum
1497 2220 1536 2288 in
1555 2220 1663 2291 coelis
1684 2233 1801 2291 ratum
1824 2214 1975 2302 habere,
2006 2219 2103 2311 quod

1109 2322 1269 2393 minister
1283 2322 1357 2391 eius
1372 2321 1519 2391 nomine
1534 2324 1624 2410 gerit
1646 2323 1685 2391 in
1708 2319 1834 2407 terris,
1863 2316 1913 2390 Et
1931 2319 2101 2412 quoniam

1109 2437 1260 2517 potestas
1276 2423 1428 2493 clavicun
1445 2447 1481 2492 se
1505 2424 1630 2509 latius,
1663 2447 1769 2517 qrrarn
1791 2423 1837 2493 ad
1857 2420 2100 2491 remissionem

1108 2539 1330 2618 peccatorum
1345 2524 1505 2616 porrigit,
1530 2526 1574 2594 de
1589 2526 1634 2594 iis
1650 2540 1769 2618 postea
1785 2523 1899 2594 fusius
1915 2522 2085 2595 dicemus.

1208 2621 1264 2696 De
1279 2625 1515 2696 satisfactione
1530 2651 1671 2720 quoque
1685 2627 1884 2696 docendum
1899 2615 2023 2720 est'*),
2048 2646 2101 2691 sa·
2136 2630 2155 2652 “¹

1108 2729 1343 2801 tisfactionem
1363 2728 1645 2820 propitiatoriam
1662 2729 1801 2821 culpae,
1826 2741 1863 2797 et
1876 2725 2102 2797 abolitoriam

1108 2844 1270 2901 aeternae
1298 2853 1450 2922 poenae,
1487 2830 1555 2900 soli
1585 2824 1731 2900 Christo
1760 2829 1986 2899 tribuendam
2020 2848 2104 2907 esse,

1108 2932 1382 3004 satisfactionem
1407 2956 1491 3002 vero
1515 2928 1754 3016 Canonicarn,
1787 2955 1878 3025 quae
1900 2944 1935 3000 et
1955 2929 2101 3016 castiga·

1108 3032 1199 3106 toria
1222 3034 1294 3103 diei
1312 3047 1444 3126 potest,
1476 3057 1496 3103 a
1517 3022 1687 3124 parochis
1705 3045 1739 3102 et
1763 3031 1973 3125 praepositis
1988 3053 2102 3127 sacra·

1024 3178 1033 3189 ·
1107 3149 1309 3206 mentorum
1333 3148 1531 3226 acceptam,
1565 3148 1599 3205 et
1621 3159 1661 3204 ex
1685 3134 1774 3217 fide,
1799 3146 1974 3226 peractam
1999 3154 2100 3222 prae-

1109 3237 1295 3308 teritorum
1312 3248 1534 3327 peccatorum
1550 3259 1671 3306 causas
1686 3236 1891 3329 excindere,
1917 3247 1952 3304 et
1969 3232 2100 3325 peccati

1107 3337 1268 3430 reliquiis
1299 3336 1452 3421 mederi,
1493 3338 1744 3429 temporariam
1774 3359 1915 3431 quoque
1949 3358 2100 3426 poenam

1106 3464 1171 3511 seu
1186 3438 1311 3507 tollere
1325 3460 1386 3507 seu
1401 3437 1582 3527 mitigare,
1607 3439 1648 3506 in
1661 3439 1859 3529 exemplum
1874 3436 2027 3529 denique
2043 3459 2101 3505 re·

1107 3552 1159 3611 cte
1181 3534 1354 3612 adhiberi.
1405 3537 1591 3609 Caeterum
1613 3564 1806 3632 poenarum
1826 3537 2101 3609 reservationem

1106 3642 1302 3721 neminem,
1317 3641 1363 3710 ad
1384 3639 1563 3731 integrum
1585 3665 1706 3727 nosse,
1740 3641 1811 3711 nisi
1835 3634 2019 3711 Christum
2044 3636 2101 3708 Ie·
2157 3728 2163 3738 ἱ

1105 3769 1204 3830 sum,
1230 3743 1288 3813 cui
1300 3755 1400 3834 pater
1416 3766 1521 3812 omne
1536 3743 1708 3813 iudicium
1729 3743 1844 3827 dedit,
1867 3755 1900 3812 et
1916 3755 2100 3833 propterea

1105 3869 1300 3937 poenarum
1322 3844 1577 3914 discussionem
1601 3859 1635 3918 et
1657 3859 1816 3917 exactum
1839 3843 2012 3915 iudicium
2035 3842 2100 3914 soli

1105 3946 1182 4019 Deo
1199 3946 1474 4040 relinquendum
1492 3969 1577 4022 esse.
2125 3952 2128 3959 ’

1547 4144 1647 4222 XVl.

1341 4275 1398 4339 De
1419 4288 1625 4340 sacramento
1646 4281 1864 4339 matrimonii.

1205 4391 1317 4466 Porro
1348 4396 1570 4466 matrimonii
1591 4393 1857 4468 Sacramentum
1882 4398 1967 4469 solis
1992 4390 2099 4466 Chri-

1104 4494 1227 4568 stianis
1240 4496 1417 4589 peculiare
1433 4510 1494 4582 est,
1509 4499 1572 4592 qui
1588 4499 1707 4569 sciunt
1720 4498 1985 4570 matrimonium
2002 4499 2098 4592 quod

1104 4598 1143 4667 in
1156 4594 1224 4667 Dei
1248 4611 1283 4667 et
1304 4591 1439 4668 Christi
1461 4599 1606 4669 nomine
1627 4600 1790 4691 iungitur
1809 4614 1844 4673 et
1864 4594 2099 4677 contrahitur,

1102 4698 1210 4769 unius
1226 4700 1295 4768 viri
1312 4712 1346 4770 et
1360 4698 1468 4772 unius
1482 4701 1658 4772 foeminae
1672 4715 1828 4772 sanctam
1842 4716 1878 4775 et
1891 4716 2003 4774 ratam
2025 4722 2099 4770 esse

1102 4800 1408 4886 coniunctionem,
1458 4802 1705 4874 benedictione
1752 4816 1788 4875 et
1835 4802 2097 4875 consecratione

1100 4897 1235 4973 Christi
1257 4902 1435 4972 firmatum
1449 4897 1511 4997 ⁵⁹),
1545 4907 1640 4998 quod
1666 4930 1740 4976 non
1763 4906 1812 4974 ita
1835 4905 1874 4974 in
1900 4904 2095 4974 infidelium

1132 5106 1163 5168 *l
1181 5105 1259 5179 „llic
1296 5115 1457 5162 referientes
1469 5110 1648 5167 exbibuerunt
1663 5130 1741 5167 suurn
1752 5112 1884 5183 seriptum
1906 5106 2039 5182 signatum
2063 5109 2094 5162 ti·

1166 5188 1222 5231 tera
1236 5176 1279 5231 C.'
1324 5176 1394 5231 Nota
1408 5196 1494 5250 marg.
1509 5180 1538 5233 in
1550 5179 1621 5235 Mel.
1638 5180 1712 5252 Opp.
2069 5245 2074 5257 Ι

1132 5245 1176 5315 ”l
1197 5243 1265 5314 „De
1285 5246 1514 5328 satisfactionibus
1551 5258 1715 5304 cotestantes
1737 5247 1915 5330 exhibuerunt
1928 5264 2006 5299 snum
2026 5254 2093 5299 artr-

1166 5316 1276 5382 culum,
1296 5333 1318 5368 st
1339 5325 1430 5367 natum
1445 5312 1522 5368 triers
1564 5316 1589 5374 .”
1624 5318 1696 5373 Nota
1709 5335 1794 5387 marg.
1809 5337 1837 5370 ru
1853 5313 1923 5370 Met.
1940 5315 2014 5386 Opp.

1034 5380 1037 5385 ’
1132 5380 1182 5451 59)
1198 5381 1267 5437 But.
1281 5392 1308 5437 et
1363 5381 1389 5437 k.
1398 5383 1564 5451 firmentum.
