4522 5752
106 168 180 246 σον
350 258 354 281 Ι
669 158 1113 238 urrsrouaauru
1162 161 1269 239 cro.
1298 160 1401 242 vut.
1454 160 1587 244 estc.

107 345 265 435 llagitare
281 340 506 411 domesticam
523 338 766 425 concordiam;
788 332 929 410 ethanc
945 351 1019 410 toto
1035 360 1099 431 pe-
1253 338 1325 409 Sed
1349 339 1379 408 si
1403 339 1483 432 quis
1504 353 1604 431 putat
1628 342 1745 411 sanari
1769 339 1838 415 hoc
1857 344 1999 415 malum
2018 347 2132 419 fucosis
2169 360 2178 401 t

107 464 204 519 ctore
219 459 302 535 opto
312 470 321 530 ;
342 445 403 513 sed
419 443 574 536 prolecto
591 464 717 529 magna
743 454 795 511 cst
819 442 1001 534 impietas,
1033 441 1101 510 ob·
1151 441 1702 530 conciliationibusdogmatum,
1726 446 1996 539 longefallitur.
2046 448 2132 537 Qua·
2170 460 2178 524 ἐ

8 584 14 593 ·
110 551 226 621 livisci
251 543 412 617 homines
437 556 490 613 tot
523 545 721 613 seculorum
754 543 900 629 delicta,
936 542 1100 612 oblivisci
1151 544 1197 611 lia
1223 554 1339 613 sautem
1360 542 1433 612 sint
1455 544 1640 614 involucra
1663 548 1793 636 passim
1814 570 1935 641 sparsa
1950 550 1991 617 in
2005 550 2133 637 librum,
2172 562 2178 605 ³

110 651 264 746 privatas
280 648 505 740 cupiditates,
530 659 564 716 et
582 668 684 715 veros
700 646 864 716 odiorum
880 647 1014 731 fontes,
1037 643 1101 738 qui
1152 646 1307 736 prudens
1322 645 1432 714 lector
1447 646 1550 715 facile
1564 663 1737 737 agnoscet.
1787 647 1911 745 Neque
1935 665 2056 721 tamen
2077 653 2135 723 im·
2172 668 2175 677 ’

108 766 292 833 merentur
307 772 457 847 poenas,
481 759 515 816 et
540 770 701 817 accusare
718 744 973 837 Evangelium,
997 770 1101 817 accu-
1151 747 1277 839 pediu,
1310 746 1341 815 si
1363 766 1472 840 quem
1494 748 1671 820 delectant
1696 744 1784 820 haec
1811 749 1962 847 Ulyssea
1989 753 2133 843 artificia,
2173 796 2178 807 -·

111 880 188 926 sare
201 853 333 936 Deum,
358 851 431 945 qui,
456 872 502 918 nc
518 849 681 919 funditus
695 849 826 941 periret
839 844 1009 929 Ecclesia,
1036 871 1101 939 pro
1152 873 1222 941 quo
1247 848 1368 917 minus
1386 848 1538 924 furatur.
1588 848 1731 922 Placere
1747 847 1837 922 mibi
1849 856 2053 926 moderatas
2067 880 2134 927 sen-
2174 888 2178 911 ι

70 980 75 991 ’
110 982 174 1029 sua
196 958 367 1024 immensa
389 952 574 1021 clementia
591 972 715 1021 rursus
728 950 886 1021 accendit
902 948 1101 1037 doctrinam
1153 950 1554 1022 tentiastestanturmea
1570 953 1700 1044 scripta
1725 966 1760 1025 et
1780 976 1877 1025 meac
1903 957 2082 1042 actiones,
2104 982 2133 1029 ac
2176 980 2178 1011 ²

111 1061 318 1136 salutarem,
343 1078 449 1149 quam
477 1067 612 1123 constat
633 1076 743 1143 paene
766 1053 954 1123 extinctam
982 1051 1103 1125 fuisse.
1152 1054 1248 1122 soleo
1278 1076 1381 1143 saepe
1410 1052 1530 1122 iocans
1561 1053 1697 1139 dicere,
1735 1080 1792 1124 me
1816 1060 1917 1151 sequi
1943 1054 2136 1131 Aristotelis

109 1156 239 1233 Dchoc
249 1172 347 1229 tanto
356 1149 889 1243 munercingratihominesuno
901 1178 962 1225 ore
970 1145 1103 1251 ⁴)con-
1152 1149 1433 1249 philosophiam,
1468 1155 1530 1248 qui
1551 1156 1743 1227 virtutibus
1764 1160 1933 1231 omnibus
1956 1156 2053 1231 hane
2074 1184 2136 1231 ms-

18 1328 22 1333 .
113 1274 323 1356 queruntur.
358 1256 437 1327 Hoc
454 1257 578 1327 iubent
592 1279 658 1325 nos
673 1256 834 1342 abiicere,
860 1270 900 1328 ut
914 1256 1028 1348 patria
1041 1256 1105 1324 de-
1154 1272 1223 1327 tam
1253 1255 1456 1341 constituit,
1489 1256 1653 1330 videlicet
1672 1252 1902 1355 μετριότητα.
1956 1261 2136 1334 sedidem

44 1434 51 1445 ,
111 1364 210 1434 feudi
226 1361 347 1455 possit.
397 1358 532 1428 Multas
553 1355 712 1428 Ecclesia
736 1359 896 1448 ingentes
919 1378 1104 1429 aerumnas
1153 1354 1363 1428 Aristoteles
1386 1356 1484 1445 gravi
1504 1359 1653 1429 consilio
1669 1360 1839 1433 discernit
1856 1386 1876 1433 a
1891 1365 2137 1451 mediocritate,

111 1466 252 1559 perfert.
304 1460 374 1532 Sed
388 1455 481 1529 nihil
495 1459 631 1530 tristius
648 1484 688 1529 ac
705 1460 865 1531 acerbius
880 1474 932 1533 est
955 1453 1023 1529 hac
1043 1483 1104 1528 ve-
1154 1482 1215 1527 seu
1236 1459 1500 1546 moderatione,
1533 1457 1724 1555 εἰρωνείαν
1747 1488 1853 1556 quam
1884 1466 2033 1559 quidem
2056 1468 2141 1537 iuter

111 1580 241 1636 uenata
264 1562 460 1646 calumnia,
500 1586 570 1654 qua
603 1561 804 1633 deformant
831 1584 909 1631 eam
935 1558 1104 1653 Epicurei
1153 1562 1240 1630 vitia
1259 1573 1428 1634 recenset.
1488 1558 1536 1632 Et
1557 1584 1658 1655 saepe
1678 1566 1834 1657 captiosa
1857 1580 1907 1637 cst
1931 1567 2073 1653 ironia,
2105 1592 2138 1639 ac

110 1668 304 1761 sapientes,
330 1664 391 1758 qui
406 1663 592 1734 coelestem
605 1663 802 1733 doctrinam
816 1664 927 1734 facem
943 1684 1016 1734 esse
1031 1662 1105 1732 dis-
1153 1676 1194 1732 ut
1218 1657 1476 1752 Aristophanes
1501 1663 1607 1747 dicit,
1649 1659 1767 1737 σαίνει
1804 1662 2001 1741 denudent
2031 1664 2139 1764 ὥςπερ

111 1772 285 1842 sidiorum
303 1766 493 1838 clamitant.
543 1758 678 1835 Dehas
699 1766 874 1836 calumnia
892 1763 1052 1861 queritur
1065 1764 1104 1833 in
1153 1758 1258 1836 κύων
1280 1756 1480 1861 λήθαργος.
1546 1762 1620 1835 Res
1648 1780 1795 1837 testatur
1815 1769 1911 1861 ipsa,
1943 1764 2016 1841 hoc
2038 1794 2138 1863 genus
2175 1832 2178 1851 ,

112 1870 263 1943 Psalmis
284 1868 359 1960 ipsa
377 1860 534 1935 Ecclesia
551 1866 732 1959 inquiens:
759 1862 964 1960 Opprobria
978 1888 1105 1958 expro-
1154 1865 1354 1950 doctrinae,
1374 1865 1471 1958 quod
1493 1868 1717 1955 profitemur,
1750 1892 1823 1939 non
1841 1865 2001 1943 humana
2017 1874 2140 1963 sagaci-

55 2006 62 2013 ·
112 1973 294 2043 brantium
318 1968 386 2041 tibi
411 1968 613 2038 ceciderunt
633 1991 740 2059 super
765 1976 841 2039 me.
901 1964 967 2039 Est
986 1983 1104 2039 autem
1154 1982 1223 2038 tate
1237 1967 1450 2061 patefactum
1470 1990 1563 2051 esse,
1593 1971 1655 2039 sed
1678 1971 1850 2042 divinitus
1871 1973 2002 2044 iterum
2025 1970 2141 2045 Eccle-

112 2075 227 2145 facilis
239 2086 273 2142 et
295 2069 478 2162 perspicua
501 2070 680 2145 refutatio.
730 2067 821 2140 Nam
844 2092 945 2141 error
964 2069 1106 2140 veritati
1154 2071 1226 2139 siae
1250 2069 1423 2152 illuxisse3
1456 2068 1587 2139 deinde
1610 2084 1765 2155 constat,
1800 2074 1838 2141 in
1860 2098 1901 2144 eo
1917 2078 2141 2167 propagando

114 2179 237 2247 cedere
259 2172 420 2242 debebat.
470 2169 541 2241 Sed
562 2171 601 2240 in
624 2166 689 2240 bac
713 2172 785 2242 vita
800 2167 953 2243 Ecclesia
973 2171 1107 2265 premi·
1154 2173 1232 2263 pios
1257 2195 1332 2240 non
1355 2170 1448 2239 levia
1475 2172 1666 2242 certamina
1685 2174 1902 2250 sustinuisse.
1957 2178 2062 2266 Quae
2081 2202 2139 2248 au·

113 2295 173 2349 tur
195 2274 388 2371 tyrannicis
412 2273 565 2345 iudiciis.
624 2270 766 2358 Vitam,
797 2298 964 2366 corpora,
988 2275 1105 2344 fortu—
1154 2286 1226 2343 tem
1241 2285 1330 2342 esset
1345 2269 1581 2361 ingratitudo,
1608 2298 1705 2345 nunc
1725 2277 1928 2367 extinguere
1952 2278 2070 2349 lucem
2091 2281 2141 2349 di-

115 2404 177 2448 nas
191 2402 257 2469 pro
277 2373 456 2445 communi
473 2371 728 2466 tranquillitate
745 2394 874 2465 magno
898 2375 1018 2445 animo
1040 2376 1106 2443 ad·
1155 2374 1288 2444 vinitus
1309 2396 1509 2458 accensam,
1543 2389 1577 2445 et
1602 2376 1812 2447 confirmare
1837 2403 1962 2450 eorum
1991 2382 2141 2473 pertina-

115 2482 213 2551 ducit
232 2479 271 2546 in
296 2476 502 2557 discrimen,
542 2477 602 2544 sed
633 2476 784 2545 abiicere
813 2478 999 2548 veritatem
1029 2500 1104 2545 non
1155 2480 1245 2546 ciam
1278 2475 1340 2568 qui
1374 2475 1617 2546 crudelitatem
1651 2480 1689 2546 in
1716 2480 1878 2551 doctores
1903 2496 2140 2555 exercuerunt.

13 2618 18 2626 ·
115 2595 241 2674 potest.
293 2576 431 2646 interea
445 2577 565 2646 cadem
590 2600 671 2645 vera
686 2574 843 2648 Ecclesia
864 2592 1017 2670 praestat
1037 2601 1106 2671 po·
1154 2577 1386 2650 Retineamus
1408 2574 1476 2646 Dei
1497 2580 1651 2665 donum,
1677 2593 1711 2649 et
1727 2604 1783 2667 ca,
1800 2607 1890 2675 quac
1911 2598 1996 2654 sunt
2019 2598 2141 2654 verast

115 2686 212 2755 litlca
234 2680 369 2763 olhcia,
394 2691 512 2748 tuetur
537 2678 631 2747 cives
655 2700 694 2749 ac
716 2681 846 2766 socios,
871 2679 1017 2749 dimicat
1040 2702 1104 2771 pro
1154 2676 1332 2749 Ecclesiae
1357 2680 1571 2764 necessaria,
1603 2684 1800 2768 moderate,
1824 2686 1884 2753 sed
1905 2698 2029 2755 tamen
2052 2688 2139 2777 iuge-

115 2785 238 2879 patria.
298 2778 347 2850 Et
373 2780 516 2873 quidem
544 2779 582 2847 in
617 2774 686 2848 hoc
716 2803 826 2869 agone
854 2780 971 2851 lucere
1000 2780 1105 2849 fidem
1156 2804 1246 2865 nrrc,
1275 2780 1420 2871 proprie
1442 2793 1477 2850 ct
1498 2782 1681 2872 perspicue
1703 2783 1871 2858 dicamus.
1931 2784 2139 2881 Plerumque

115 2900 272 2980 oportet,
313 2876 502 2951 adeuntem
529 2882 686 2969 ingentia
712 2883 888 2972 pericula,
920 2894 1106 2973 propterea
1137 2882 1385 2974 perspicuitas
1396 2882 1568 2950 orationis
1580 2895 1634 2953 est
1647 2884 1788 2973 signum
1802 2900 1918 2957 rectae
1931 2901 1966 2957 et
1983 2885 2140 2959 honestae

115 2988 211 3083 quod
226 2988 346 3055 adesse
361 2980 476 3052 Deum
499 2982 749 3074 opitulatorem
771 2984 903 3056 statuit.
954 2982 1107 3054 Excellit
1156 2984 1378 3066 voluntatis,
1398 2981 1503 3052 iuxta
1532 2984 1620 3054 illud
1647 2982 1902 3077 Euripideum,
1943 2986 2085 3063 ἐσθλὸν
2103 2988 2139 3059 nl

115 3114 197 3159 sera
212 3085 369 3158 Ecclesia
382 3083 627 3174 magnitudine
642 3085 772 3171 animi,
798 3108 878 3155 cum
904 3086 979 3155 sola
1000 3086 1105 3155 intel·
1156 3081 1280 3181 σαφές.
1334 3080 1380 3153 Et
1396 3084 1553 3175 prolecto
1571 3086 1609 3154 in
1624 3083 1792 3157 Ecclesiis
1806 3114 1898 3181 opus
1911 3104 1965 3160 est
1988 3092 2140 3184 proprie·

115 3194 201 3282 ligat
218 3212 284 3259 nos
298 3190 342 3257 ad
359 3187 465 3255 aliam
480 3187 585 3275 longe
601 3186 784 3257 meliorem
808 3187 918 3258 vitam
942 3188 1105 3257 conditos
1154 3200 1226 3257 tate
1239 3200 1274 3256 et
1287 3186 1538 3278 perspicuitate
1552 3188 1590 3255 in
1607 3189 1777 3275 dicendo,
1802 3212 1909 3284 cpiam
1931 3193 1997 3285 qni
2021 3206 2140 3277 amant,

116 3316 209 3377 esse,
234 3314 315 3361 cum
329 3289 415 3359 sciat
431 3310 551 3357 causas
573 3309 673 3357 veras
695 3290 939 3359 comnmuium
962 3289 1105 3359 calami-
1154 3289 1292 3379 fugient
1306 3288 1399 3357 dicta
1414 3288 1621 3382 flexiloqua,
1646 3293 1765 3383 qualia
1780 3294 1891 3362 multo
1911 3305 1997 3363 sunt
2022 3296 2062 3365 in
2082 3291 2139 3364 huc

115 3408 249 3477 tatum,
274 3406 309 3461 et
323 3391 505 3474 didicerit,
529 3412 637 3485 quam
660 3390 706 3461 sit
730 3392 829 3482 pium
856 3404 892 3463 et
913 3391 1105 3481 gloriosum
1155 3392 1259 3461 libro.
1295 3387 1344 3460 Et
1358 3388 1507 3458 admixti
1521 3405 1604 3461 sunt
1618 3392 1754 3485 aliquot
1768 3394 1836 3462 loci
1850 3408 1972 3486 aperte
1986 3418 2140 3489 puguan-

117 3496 307 3588 reprimere
332 3492 516 3561 diabolum
538 3505 754 3580 grassantem
778 3491 817 3559 in
840 3493 963 3585 impiis
993 3480 1028 3562 et
1050 3506 1107 3587 ty·
1156 3508 1207 3564 tes
1232 3514 1312 3561 cum
1331 3491 1506 3561 sententia
1531 3504 1734 3563 nostrarum
1754 3488 2008 3571 Ecclesiarum.
2066 3496 2140 3567 ldeo

41 3632 50 3641 ·
116 3596 273 3667 rannicis
296 3591 478 3683 Imperiis,
512 3593 666 3684 denique
686 3616 767 3662 cum
789 3593 828 3662 in
850 3594 1003 3663 exercitu
1026 3595 1107 3685 pio-
1155 3595 1310 3665 adiectae
1331 3604 1416 3663 aunt
1435 3595 1681 3684 responsiones
1712 3608 1873 3683 nostrae,
1905 3597 1947 3666 in
1972 3613 2141 3670 conventu

116 3722 197 3770 rum
212 3699 338 3765 ducem
353 3694 473 3763 adesse
489 3690 621 3762 Filium
637 3688 707 3762 Dei
726 3694 843 3779 norit,
870 3696 1107 3766 destruentem
1156 3688 1353 3780 exhibitae,
1393 3717 1483 3787 quae
1507 3698 1706 3766 verecunde
1732 3709 1766 3765 et
1791 3698 1975 3769 moderate
2002 3700 2142 3793 scriptae

117 3823 224 3893 opera
249 3796 396 3867 diaboli.
453 3793 550 3863 Haec
580 3794 692 3864 animi
713 3795 920 3885 magnitudo
940 3796 1045 3866 ctiam
1067 3796 1107 3865 in
1156 3811 1249 3870 sunt.
1299 3793 1373 3865 Nos
1387 3819 1467 3865 cum
1485 3811 1607 3868 nostro
1621 3820 1769 3868 munere
1782 3798 1821 3867 in
1833 3799 2143 3891 explicationedo-

116 3904 186 3995 piis
200 3897 410 3983 mulieribus
430 3918 533 3989 saepe
551 3908 736 3988 conspecta
758 3910 820 3971 est.
870 3894 919 3968 Et
940 3899 1030 3968 falso
1052 3898 1108 3967 ia·
1156 3899 1308 3982 ctrinae,
1342 3898 1436 3965 hona
1469 3899 1682 3970 conscientia
1715 3900 1830 3970 suncti
1856 3924 1999 3985 sumus,
2039 3905 2142 3974 exitus

119 4006 243 4075 ctitant
258 4000 390 4090 ignavi,
413 4022 450 4067 se
465 4020 540 4066 esse
555 3994 733 4067 Ecclesiae
747 3999 916 4069 membra.
966 3997 1108 4071 Deinde
1156 3999 1230 4070 Deo
1254 4000 1556 4083 commendemus,
1581 4001 1643 4092 qui
1664 3998 1857 4071 Ecclesiam
1879 4026 1962 4073 curn
1983 4006 2143 4075 adversus

118 4106 220 4175 novit
241 4100 397 4173 Ecclesia
419 4099 562 4192 politias
586 4099 760 4169 divinitus
788 4101 996 4173 constitutas
1023 4124 1107 4181 esse,
1157 4101 1345 4170 'l'urcicam
1358 4099 1600 4169 crudelitatem
1621 4102 1802 4187 desendet,
1834 4115 1911 4172 tum
1934 4106 2091 4176 servabit
2109 4107 2143 4173 in

118 4222 154 4276 et
176 4219 270 4277 amat
291 4199 390 4272 hunc
411 4201 595 4284 ordinem,
628 4215 721 4271 amat
747 4225 871 4273 omncs
899 4202 1108 4274 coniunctos
1156 4202 1236 4271 aliis
1269 4200 1546 4293 tempestatibus.
1609 4200 1715 4271 Haud
1748 4203 1858 4274 dubie
1890 4206 2060 4277 miranda
2082 4206 2144 4277 Dei

118 4306 285 4379 civilibus
307 4304 481 4388 vinculis,
509 4302 635 4372 didicit
655 4325 696 4371 ex
718 4297 934 4393 Evangelio,
963 4326 1029 4373 nos
1045 4306 1109 4373 de·
1156 4326 1263 4395 opera
1288 4316 1372 4373 sunt
1395 4302 1616 4372 conservatio
1641 4298 1820 4374 Ecclesiae
1845 4318 1880 4375 et
1902 4306 2066 4377 defensio
2084 4330 2145 4399 po-

117 4412 201 4478 bere
226 4409 361 4477 animas
388 4430 453 4496 pro
481 4404 650 4473 fratribus
680 4427 829 4493 ponere,
863 4419 904 4475 ut
932 4401 1108 4477 lohannes
1156 4405 1327 4476 litiarum.
1381 4400 1467 4473 ldeo
1489 4403 1634 4495 abipso
1656 4400 1743 4474 baec
1766 4420 1800 4476 et
1820 4419 1982 4497 petamus
2000 4422 2146 4499 etexpe-

120 4510 253 4582 scribit.
304 4506 371 4575 llis
391 4505 498 4577 tantis
518 4506 631 4573 causis
647 4505 861 4598 impellitur,
883 4521 926 4578 ut
940 4508 1108 4576 omnihus
1158 4521 1301 4578 ctemus.
1340 4504 1390 4577 Ut
1406 4498 1626 4575 Antiochum
1641 4507 1765 4595 exigua
1782 4508 1932 4593 auxilia,
1955 4524 1999 4580 nt
2015 4511 2065 4581 ait
2079 4510 2145 4581 Da-

120 4610 245 4680 ‹afficiis
266 4609 386 4676 invare
408 4608 501 4677 cives
523 4619 557 4675 et
582 4607 694 4675 socios
717 4608 846 4697 cupiat.
895 4606 978 4678 Non
1001 4609 1109 4697 igitur
1157 4608 1249 4693 niel,
1283 4606 1512 4697 depulerunt,
1552 4607 1600 4677 ita
1633 4607 1826 4701 aliquando
1851 4607 1952 4679 Deus
1985 4612 2144 4683 liberabit

119 4709 275 4781 accusari
306 4720 418 4799 potest
443 4704 619 4793 Ecclesia,
654 4732 728 4777 nou
753 4708 911 4778 coelestis
937 4711 1108 4781 doctrina.
1158 4710 1280 4779 orbem
1295 4732 1316 4781 a
1334 4707 1486 4778 'tercies
1500 4709 1690 4803 tyrannide
1704 4710 1862 4780 mirabili
1879 4713 2002 4788 ruodo.

120 4812 201 4884 Alia
216 4824 299 4880 sunt
313 4832 402 4902 quae
418 4808 595 4899 principes
611 4808 836 4899 disiungunt,
861 4834 1015 4901 quorum
1032 4836 1107 4879 cer-

120 4915 252 4986 tamina
272 4912 410 4982 utinam
434 4908 564 5000 aliquis
587 4906 716 4980 Nestor
737 4911 929 4981 dirimeret.
984 4908 1050 4982 Est
1072 4914 1106 4981 id
1632 4920 1675 4995 Β,

121 5011 769 5201 ‘¹⁰³⁶‘m,flffissss'ffssssffssjg‘ffimmm’
789 5024 947 5103 sapum
963 5013 1066 5083 duit
1244 5054 1442 5199 praefata,
1465 5058 1691 5171 Pactcppa
1717 5066 2065 5187 Metanttonts.

270 5215 442 5287 lmxnries
460 5214 554 5285 vitiis
571 5214 732 5306 odiisque
747 5216 911 5307 superbia
929 5217 1044 5291 vertit.
1258 5218 1337 5291 Etsi
1349 5245 1422 5291 nun
1439 5244 1582 5312 prorsus
1596 5221 1698 5306 novi,
1723 5222 1853 5314 quibus
1876 5224 2036 5295 consiliis
2051 5224 2143 5294 insti·

154 5358 185 5423 a)
202 5374 322 5411 mom,
336 5356 406 5412 Met.
423 5375 486 5431 opp.
898 5358 901 5363 ·
1161 5337 1254 5398 tutae
1280 5323 1352 5392 sint
1373 5322 1840 5411 actiouesllatisboneuses,
1875 5336 1997 5397 tarueu
2020 5340 2055 5397 et
2074 5350 2141 5395 rno-
