4522 5752
58 242 137 320 eoo
618 220 1056 322 ammonianus
1111 245 1220 321 mn.
1255 245 1357 326 vur.
1409 243 1541 323 1641.
1963 308 1966 317 .
2023 224 2166 326 ero..

58 440 157 488 suam
170 418 331 510 ipsorum
346 417 584 511 perditionem
602 420 848 511 depravarent,
873 418 1058 490 vinculum
1108 419 1153 488 ad
1169 441 1392 488 communem
1408 441 1618 490 consensum
1634 420 1795 490 omnium
1816 416 1958 512 piorum
1981 445 2101 493 recur-
2129 445 2140 454 ·

58 542 202 612 quoque
215 514 418 607 charitatis,
456 522 552 615 quod
569 520 609 591 in
625 522 676 591 eis
699 534 807 607 esset,
841 519 976 614 iniquis
1000 520 1058 590 di·
1108 521 1260 590 rendum
1277 534 1345 605 est,
1368 542 1457 615 quae
1472 533 1525 591 est
1539 522 1750 592 universalis
1770 523 1966 610 testificatio
1982 521 2099 616 Spiri-

57 615 354 717 scissionibns³⁵),
377 636 603 714 rumperent,
626 621 752 693 iccirco
767 619 945 694 Ecclesiae
960 645 1059 692 suam
1107 633 1165 692 tus
1182 620 1313 706 sancti,
1337 623 1599 693 firmamentum
1622 622 1790 698 veritatis.
1829 620 1874 693 ln
1895 648 2000 717 quam
2019 647 2100 694 sen-

58 721 307 808 autoritatem,
339 724 566 818 eandemque
598 723 776 815 duplicem
805 737 966 796 constare
993 749 1057 793 vo-
1107 723 1256 794 tentlam
1286 722 1376 793 dixit
1402 717 1595 814 Apostolus
1627 721 1805 795 1Timot.
1826 724 1864 800 8.
1904 721 2097 796 Ecclesiam

60 822 140 896 tuit.
248 900 251 905 ,
462 902 464 907 ,

160 953 344 1055 Pripcipio
361 958 455 1049 apud
472 951 667 1028 Ecclesiam
689 980 763 1028 esse
784 957 900 1029 voluit
922 956 1058 1030 autori-
1209 953 1357 1027 Summa
1371 956 1467 1026 enim
1482 957 1651 1028 autoritas
1668 957 1925 1051 interpretandi
1947 961 2098 1052 seriptu-

58 1071 167 1144 tatem
189 1057 376 1129 iudicandi
400 1060 496 1128 inter
524 1059 732 1151 scripturas,
765 1072 801 1130 et
830 1059 1059 1130 discernendi
1107 1081 1184 1140 ras,
1210 1058 1268 1128 cui
1281 1058 1475 1129 contradici
1501 1076 1576 1145 non
1596 1059 1717 1144 liceat,
1742 1084 1817 1130 non
1840 1062 1936 1151 apud
1960 1063 2097 1153 singula

57 1153 281 1229 Canonicam
296 1184 315 1230 a
329 1184 405 1230 non
419 1157 618 1246 Canonica‚
643 1183 733 1254 quae
757 1175 792 1231 et
814 1182 878 1231 suo
900 1173 1058 1253 tempore
1107 1161 1284 1246 membra,
1308 1161 1369 1230 sed
1390 1161 1486 1250 apud
1502 1172 1611 1232 totam
1627 1156 1820 1232 Ecclesiam
1836 1161 1983 1248 residet,
2008 1188 2097 1257 quae

58 1261 156 1351 apud
169 1273 381 1355 synagogam
399 1262 483 1346 suit,
509 1275 627 1355 postea
648 1286 712 1353 per
725 1256 908 1333 Christum
934 1263 972 1331 in
987 1258 1058 1334 Ec·
1107 1283 1182 1351 non
1203 1262 1318 1330 solum
1345 1283 1531 1351 germanos
1562 1284 1680 1332 sacrae
1713 1263 1907 1354 scripturae
1940 1262 2053 1335 libros
2077 1289 2097 1334 a

57 1362 166 1431 clesia
179 1362 400 1449 confirmata,
426 1388 496 1456 qua
512 1363 765 1434 saluberrimus
781 1363 842 1433 ille
858 1362 973 1434 canon
987 1360 1059 1435 Ec·
1107 1361 1341 1455 supposititiis
1360 1362 1546 1448 discrevit,
1579 1365 1640 1433 sed
1665 1377 1702 1434 et
1723 1387 1925 1454 germanam
1948 1366 2099 1458 scriptu·

1038 873 1041 880 ·
1108 846 1181 895 esse
1197 824 1398 894 columnam
1414 836 1450 895 et
1463 821 1724 896 firmamentum
1740 825 1909 901 veritatis.

58 1462 274 1534 rlesiasticus
297 1463 510 1535 constitutus
535 1478 603 1549 est,
642 1463 704 1557 qui
728 1478 884 1534 sanctam
907 1465 1059 1557 scriptu-

58 1587 138 1634 ram
161 1561 402 1650 Canonicarn,
441 1579 512 1636 tam
541 1566 670 1635 veteris
701 1590 808 1659 quam
829 1563 925 1637 Novi
950 1579 1059 1638 testa-

57 1665 192 1750 menti,
216 1666 320 1739 certis
341 1666 522 1748 terminis,
556 1680 592 1737 et
615 1667 720 1738 certis
740 1662 1001 1759 Prophetarum
1023 1681 1058 1738 et

58 1764 316 1857 Apostolorum
329 1767 432 1837 libris
456 1768 630 1839 contineri
652 1764 880 1864 definivit³⁷),
905 1794 945 1840 ac
969 1771 1057 1840 emi-

58 1869 219 1939 nentiam
237 1870 342 1939 istam
352 1867 571 1940 Canonicam
586 1894 763 1941 sacrarum
780 1870 964 1942 literarum
980 1896 1057 1942 cae-

59 1970 144 2041 teris
166 1971 270 2040 libris
292 1971 443 2053 ademit,
483 1996 573 2066 quae
602 1995 667 2065 per
695 1973 949 2043 successionem
967 1969 1058 2065 Epi·

59 2095 269 2164 scoporum,
305 2086 340 2143 et
370 2073 658 2165 propagationem
679 2069 938 2160 Ecclesiamm,
977 2089 1058 2145 tan·

59 2197 169 2267 quam
199 2174 239 2242 in
268 2175 351 2243 sede
378 2175 531 2267 quadam
559 2173 760 2246 sublimiter
781 2177 971 2249 constituta
995 2189 1057 2258 est,

60 2275 120 2345 cui
153 2275 283 2345 serviat
315 2273 433 2345 omnis
458 2276 572 2345 fidelis
598 2290 633 2348 et
657 2276 739 2367 pius
762 2277 979 2363 intellectus,
1017 2293 1058 2350 ut

59 2376 210 2447 omnino
224 2376 381 2449 dubitari
398 2401 473 2448 non
496 2378 618 2463 liceat,
651 2377 743 2448 sitne
769 2403 894 2450 verum
918 2404 980 2452 seu
1000 2403 1057 2450 re-

59 2492 177 2563 ctum,
223 2477 401 2572 quidquid
434 2473 522 2549 baec
554 2479 728 2571 scriptura
760 2481 929 2554 continet.
999 2477 1057 2552 Ad

58 2573 154 2649 hane
173 2573 353 2651 Ecclesiae
376 2580 600 2651 autoritatem
632 2580 775 2673 respicit
802 2595 837 2651 et
860 2583 951 2652 illud
979 2584 1058 2653 Au·

59 2680 210 2770 gnstini:
236 2677 432 2769 Evangelio
451 2705 526 2751 non
543 2684 741 2766 crederem,
768 2684 836 2752 nisi
861 2679 1058 2754 meEccle·

58 2782 134 2852 siae
151 2778 346 2853 catholicae
360 2797 597 2853 commoveret
610 2783 791 2858 autoritas.

165 2912 268 3004 Quae
298 2929 416 2985 tamen
447 2916 617 2988 autoritas
650 2917 691 2986 in
716 2918 950 2988 discernendo
977 2933 1058 2990 tan·

58 3032 139 3091 tum
154 3039 257 3086 veras
273 3016 463 3111 scripturas
477 3042 497 3088 a
514 3018 612 3088 falsis
628 3019 695 3090 sita
711 3034 773 3094 est.
807 3018 898 3090 Nam
916 3043 1058 3090 omnem

59 3119 294 3212 scripturam,
320 3142 409 3214 quae
433 3119 473 3189 in
489 3115 773 3193 Ecclesiasticum
790 3118 993 3207 Cononem,
1018 3135 1059 3192 ut

58 3243 146 3291 vera
170 3243 211 3289 ac
234 3220 358 3291 divina
379 3221 487 3292 semel
501 3235 640 3314 recepta
665 3237 734 3309 est,
767 3223 870 3315 plane
888 3223 1058 3294 immobi-

58 3324 135 3391 lem
150 3343 224 3391 esse
238 3335 399 3407 constat,
418 3336 453 3403 et
467 3324 567 3391 omni
581 3325 768 3396 autoritate
783 3319 939 3409 bumana
952 3327 1057 3415 longe

1107 1487 1167 1533 rae
1181 1464 1508 1556 interpretationem
1525 1464 1565 1532 in
1578 1466 1782 1536 necessariis
1802 1466 1967 1552 tradidit,
1999 1466 2098 1555 Qua·
2139 1483 2140 1487 ’

1106 1566 1154 1634 lia
1171 1578 1269 1650 sunt,
1294 1568 1391 1659 quod
1406 1565 1517 1657 patris
1534 1579 1570 1634 et
1584 1564 1649 1634 filii
1664 1581 1699 1637 et
1712 1564 1867 1659 Spiritus
1882 1561 1992 1637 sancti
2014 1565 2098 1638 ean-

1107 1668 1188 1735 dem
1208 1680 1371 1737 natnram
1395 1680 1431 1737 et
1453 1666 1659 1752 essentiam,
1690 1679 1726 1738 et
1751 1681 1821 1738 tres
1836 1691 2021 1758 personas,
2052 1666 2098 1740 Et

1107 1769 1145 1837 in
1163 1762 1306 1840 Christo
1330 1767 1475 1838 domino
1495 1769 1584 1839 duas
1603 1782 1766 1855 naturas,
1791 1783 1826 1840 et
1844 1794 1953 1839 unam
1977 1795 2097 1862 perso-

1106 1894 1189 1938 nam
1205 1871 1427 1940 conlitemur:
1453 1863 1540 1938 baec
1555 1869 1652 1939 enim
1670 1886 1704 1942 et
1717 1871 1883 1964 pleraque
1899 1871 1967 1940 alia
1990 1874 2099 1963 magis

1106 1971 1360 2063 scripturarum
1376 1971 1666 2063 interpretatione
1681 1971 1862 2063 explicata,
1879 1996 1987 2067 ,quam
2007 1974 2098 2066 ipsa-

1106 2097 1189 2143 rum
1216 2073 1471 2164 seripturarum
1505 2071 1623 2142 verbis
1639 2097 1832 2166 expressa,
1865 2074 1952 2166 ipsis
1982 2088 2129 2145 tameu‘

1107 2174 1300 2265 scripturae
1322 2173 1439 2244 verbis
1458 2173 1649 2265 implicita,
1672 2175 1789 2244 omnis
1810 2169 1984 2246 catholica
2004 2200 2098 2245 rece-

1106 2276 1160 2368 pit
1174 2273 1344 2346 Ecclesia.

1207 2405 1303 2478 Hinc
1319 2422 1387 2494 est,
1412 2411 1508 2504 quod
1523 2403 1739 2479 Athanasius
1748 2409 1817 2496 ait,
1839 2404 2102 2480 Ecclesiasticae

1108 2508 1245 2604 semper
1264 2535 1341 2583 mos
1352 2505 1393 2604 ³⁸)
1414 2523 1467 2580 est
1487 2509 1712 2602 disciplinae,
1735 2510 1764 2581 si
1786 2513 1930 2605 quando
1950 2506 2101 2581 baereti-

1107 2637 1230 2682 corum
1252 2637 1345 2684 nova
1369 2610 1530 2682 doctrina
1560 2611 1714 2702 exurgit,
1755 2625 1879 2685 contra
1910 2612 2102 2682 insolentes

1108 2714 1355 2809 quaestionum
1377 2712 1569 2797 novitates,
1603 2714 1709 2785 rebus
1730 2710 2002 2784 immutabiliter
2023 2739 2103 2809 per-
2171 2710 2175 2716 ’

1107 2817 1350 2899 manentibus,
1371 2815 1558 2884 nominum
1584 2815 1756 2886 vocabula
1773 2815 1982 2899 immutare,
2007 2832 2038 2885 et
2056 2818 2104 2884 si-

1108 2918 1332 3013 gnificantius
1346 2940 1466 2987 rerum
1480 2930 1624 3012 naturas
1641 2917 1855 3008 exprimere,
1879 2942 1970 3009 quae
1987 2930 2102 2986 tamen

1093 3019 1333 3095 ¹existentium
1369 3041 1553 3097 causarum
1585 3017 1779 3095 virtutibus
1812 3031 2029 3107 congruant,
2071 3033 2103 3087 et

1108 3143 1198 3213 quae
1212 3121 1323 3209 magis
1343 3121 1481 3189 easdem
1506 3118 1703 3212 antiquitus
1722 3120 1831 3193 fuisse
1851 3121 2104 3201 demonstrant,

1108 3246 1182 3292 non
1197 3235 1297 3292 ortus
1311 3220 1503 3293 novitatem
1518 3234 1738 3294 mensurant.
1754 3271 1763 3288 s
1788 3218 1885 3288 llaec
1901 3220 1974 3292 ille.

1207 3350 1256 3424 Et
1272 3355 1449 3447 praeclare
1466 3351 1648 3437 Irenaeus,
1680 3351 1738 3437 si,
1764 3335 1899 3445 inquit,
1925 3353 1968 3421 de
1985 3352 2102 3444 aliqua

57 3422 253 3542 maiqmm’
284 3424 329 3493 fle
351 3446 419 3517 qua
444 3424 533 3542 ⁶1¹5}
546 3420 710 3545 Chfiftm
718 3428 850 3545 ‚quod
875 3428 967 3497 ΨΜ
983 3449 1058 3496 ”⁰¹¹
1108 3457 1314 3547 quaestione
1331 3455 1506 3545 dubitatio
1523 3467 1591 3539 est,
1616 3466 1755 3546 oportet
1774 3455 1819 3540 ad
1842 3452 2103 3547 antiquissimas

57 3537 185 3643 9⁰⁸⁸¹tf
237 3522 285 3596 Ut
302 3526 432 3643 swina
455 3527 705 3644 etffmlfssfflse
728 3529 945 3649 d¹⁵P¹¹¹⁸¹¹¹f2
970 3552 1057 3598 ”⁰¹¹¹
1108 3581 1289 3627 recurrere
1316 3553 1509 3642 Ecclesiae,
1550 3556 1589 3624 in
1628 3553 1758 3648 quibus
1791 3555 1988 3625 conversati
2022 3568 2104 3622 sunt

58 3639 233 3697 autoritas
246 3622 425 3697 Ecclesiae
439 3641 623 3719 scrtpturls
638 3629 865 3699 anteferenda
879 3643 943 3715 s1t3
969 3652 1057 3700 num
1108 3656 1272 3750 Aposmli
1309 3671 1344 3728 et
1360 3658 1405 3728 ab
1421 3658 1471 3728 eis
1485 3661 1529 3727 de
1547 3657 1726 3749 proposita
1743 3655 1948 3749 quaestione
1966 3678 2103 3725 sumere
2170 3661 2173 3667 ·

57 3723 221 3798 Ecclesia
235 3728 378 3797 abolere
391 3750 454 3798 seu
468 3742 605 3799 mutare
619 3731 730 3821 possit
747 3731 875 3801 tradita
892 3731 932 3800 in
946 3731 1057 3802 verbo
1108 3761 1205 3853 quod
1227 3715 1360 3831 cessmm
1384 3773 1446 3832 est·
1498 3758 1596 3847 Quid
1624 3757 1720 3826 enim
1743 3753 1973 3854 (utsubficfl)
1995 3758 2022 3825 si
2040 3781 2103 3824 ne,

13 3932 21 3948 ·
60 3825 151 3913 Deis
175 3853 263 3899 ”¹¹¹⁰
287 3843 438 3900 “mese
453 3830 542 3923 ‘inid
557 3832 966 3923 P⁰⁸⁸il⁰⁰¹¹traverbum
978 3831 1058 3908 Del·
1108 3886 1176 3954 que
1191 3860 1355 3956 Apostoli
1367 3862 1511 3954 quidem
1527 3860 1719 3952 scripturas
1739 3858 1966 3954 reliquissent
1989 3859 2104 3940 nobis,
2178 3865 2217 3902 '-

165 3957 300 4032 Verum
316 3987 414 4048 cum,
439 3964 588 4034 docente
603 3959 775 4056 Apostolo
790 3962 915 4052 Petro,
941 3965 1058 4035 omnis
1107 3986 1228 4034 nonne
1245 3965 1427 4056 oportebat
1446 3960 1608 4031 ordinem
1630 3960 1731 4054 sequi
1749 3961 1972 4045 traditionis,
1997 3984 2101 4053 quem

60 4056 257 4155 Prophetia
275 4064 483 4156 scripturae,
509 4064 653 4158 propria
669 4060 959 4159 interpretatione
982 4091 1057 4138 non
1108 4065 1333 4135 tradiderunt
1354 4060 1413 4148 hi,
1451 4062 1581 4157 quibus
1614 4061 1881 4132 committebant
1912 4058 2101 4138 Ecclesiae,

59 4163 140 4248 fiat,
178 4165 276 4258 quod
301 4188 377 4234 non
400 4162 556 4236 humana
579 4168 762 4238 voluntate
785 4168 902 4239 allata-
919 4169 965 4239 sit
989 4169 1056 4239 ali-
1108 4167 1166 4236 cui
1187 4164 1339 4236 Barbari
1360 4177 1601 4248 assenserunt,
1634 4163 1710 4233 sine
1724 4156 1768 4257 ³⁹)
1792 4176 1988 4232 atramento
2014 4163 2132 4260 scri·x

59 4266 224 4359 qnando,
249 4266 311 4336 sed
332 4265 469 4358 Spiritu
490 4282 611 4338 sancto
630 4268 816 4360 inspirati,
848 4269 898 4340 sie
917 4270 1057 4364 loquuti
1106 4281 1203 4359 ptam
1227 4263 1396 4338 habentes
1419 4290 1482 4358 per
1499 4261 1674 4357 Spiritum
1699 4265 1739 4333 in
1762 4263 1928 4335 cordibus
1950 4263 2021 4333 suis
2045 4287 2098 4330 sa·
2184 4292 2188 4296 ·

59 4368 135 4437 sint
145 4361 311 4437 homines
324 4365 406 4454 Dei,
432 4368 548 4439 voluit
568 4389 710 4465 quoque
727 4368 843 4452 Deus,
868 4385 908 4443 ut
921 4372 1058 4442 autori-
1106 4370 1228 4440 lutern.
1566 4366 1568 4371 ’

59 4469 388 4589 [ἃῆἰῖηθΐρῖθωῷ
404 4470 594 4562 scripturas
614 4472 709 4590 ³de
727 4467 941 4591 Eoeleffiamj
966 4496 1056 4567 ΨΜθ
1206 4500 1324 4573 Huius
1341 4513 1458 4571 autem
1473 4499 1690 4584 autoritatis,
1715 4510 1822 4592 quam
1833 4492 1992 4567 Ecclesia
2009 4496 2098 4564 circa
2172 4562 2175 4567 .

59 4568 200 4661 Spmtu
214 4594 278 4642 suo
294 4585 446 4690 regqtur,
472 4586 645 4692 essen-ut
658 4574 765 4693 idem,
787 4598 850 4668 qur
863 4588 1056 4666 scrrptuttte
1105 4604 1298 4695 scripturae
1317 4602 1646 4694 interpretationem
1669 4598 1824 4684 obtinet,
1858 4598 1898 4666 in
1919 4593 2099 4667 communi

59 4684 166 4791 ⁸⁰t⁰f
180 4684 249 4757 θεῖ’
273 4671 444 4793 sim-tu*
465 4697 541 4744 ‘¹¹¹⁸
555 4687 660 4794 ‘imm
679 4687 725 4744 δή
745 4689 937 4794 ’ῃῑῗῑΡΥθῆ
959 4678 1056 4793 '¹,nde
1105 4704 1168 4775 illo
1182 4718 1216 4775 et
1229 4704 1422 4775 universali
1434 4716 1605 4796 perpetuo
1621 4723 1795 4772 consensu
1815 4699 1934 4782 sitam,
1960 4700 1999 4766 in
2023 4700 2098 4789 pri-

60 4774 231 4890 d.⁰¹¹¹¹¹¹¹¹⁸
246 4770 508 4893 leffli⁰²,L⁰⁰a,⁰
523 4776 669 4857 ⁰¹¹¹¹⁰02
684 4798 875 4894 ‚apeme
897 4778 1055 4871 d¹⁵⁰¹P¹¹·
1104 4807 1172 4876 mis
1208 4805 1390 4900 Synodos,
1436 4805 1566 4875 deinde
1603 4800 1868 4874 Ecclesiasticus
1908 4800 2096 4888 scriptores

61 4873 106 4942 ¹¹⁵
120 4888 296 4956 mentem’
322 4890 362 4947 ut
375 4877 614 4968 ¹¹¹¹⁰u¹g⁸¹²¹¹t
627 4891 828 4969 smmum·
1103 4908 1264 4978 omnium
1276 4921 1497 4998 temporum,
1521 4905 1585 5000 qui
1599 4919 1718 4978 tamen
1732 4916 1911 4998 suspectae
1922 4901 2004 4970 fidei
2022 4922 2092 4966 non

160 5005 246 5079 Non
274 5021 327 5078 est
356 5022 474 5080 autem
507 5005 595 5081 baec
626 5011 797 5082 autoritas
818 5012 913 5103 apud
937 5011 1053 5093 ullum
1103 5022 1202 5095 sunt,
1229 5008 1376 5080 idoneos
1389 5021 1494 5080 testes
1508 5030 1580 5078 esse
1596 5012 1750 5090 constat,
1774 5028 1855 5075 cum
1876 4999 2101 5073 unanimiter

59 5112 241 5201 privatum
255 5109 487 5205 requirenda,
508 5113 568 5181 sed
589 5113 635 5182 ad
658 5125 768 5184 totam
782 5105 992 5198 Ecclesiam,
1017 5125 1053 5184 et
1101 5113 1248 5182 tradunt
1264 5134 1304 5181 ae
1318 5111 1448 5181 docent
1461 5109 1659 5206 doctrinam
1676 5107 1853 5211 aliquam,
1876 5105 1922 5173 ab
1938 5097 2092 5197 Apono·

1110 5246 1326 5264 Μ

1134 5327 1179 5396 88)
1200 5327 1267 5383 Mel.
1282 5328 1378 5380 morin

1133 5410 1181 5481 89)
1200 5412 1261 5464 sr‘ne
1272 5408 1370 5467 excidit
1383 5404 1456 5480 apud
1468 5406 1535 5460 Mel.

1433 5483 1607 5561 tt·

92 5332 141 5399 86)
159 5329 230 5385 Bne·
245 5337 272 5381 et
285 5326 351 5381 Ecl.
362 5329 584 5394 descensionibus.

25 5400 32 5415 ¹
90 5413 136 5483 87)
154 5409 386 5479 Mabdr'sfim'unt.

60 5490 353 5562 llatasrnUrrn,
383 5487 462 5548 Vos.
477 5486 533 5549 W.
