4522 5752
1 265 2 274 ἵ
91 160 166 275 dil
645 142 1086 225 urtsronatttttt
1136 146 1379 227 Ltus-Vm.
1427 144 1596 233 'tetta

97 284 215 421 ligtmt
231 306 439 447 sapientiam
456 321 495 393 in
508 318 703 413 Evangelio
717 322 903 405 traditam,
928 344 1021 418 quae
1042 334 1095 393 est
1242 322 1410 397 Secutum
1427 334 1481 396 est
1494 334 1671 395 certamen
1684 323 1731 394 de
1750 319 1955 395 abieelione
1974 322 2073 417 panis
2091 325 2116 397 is
2157 308 2166 373 l

96 455 206 523 supra
227 429 377 500 rationis
398 423 575 498 humanae
599 424 909 517 rudtctump081la
961 420 1047 494 Ac
1035 448 1095 491 m-
1140 422 1259 496 Coena
1282 424 1449 514 Domini,
1496 449 1568 499 seu
1584 437 1627 497 ut
1652 449 1748 496 novo
1775 426 1942 518 ipsorum
1965 426 2117 497 vocabulo
2158 431 2166 493 l

100 557 185 625 gens
205 530 432 602 intervallum
457 540 511 597 est
536 527 629 611 iuter
649 529 785 598 donum
813 541 847 597 et
868 527 966 596 illam
992 548 1095 617 prae-
1140 541 1304 614 utamur,
1337 530 1432 622 quod
1455 551 1540 599 vere
1560 538 1613 599 est
1632 522 1863 624 κενοφωνία,
1884 527 1935 599 de
1957 526 2129 609 ιιιιιιιιιιι-
2160 536 2166 571 ¹

96 635 228 709 teriam
256 644 483 726 potestatem,
520 653 610 722 quae
640 625 828 750 Episcopis
856 642 918 699 aut
939 626 1094 723 Synodis
1140 630 1380 707 stantiatione.
1438 628 1508 704 Hic
1531 653 1633 701 error
1658 632 1844 701 confirmat
1863 629 1974 701 falsas
1994 650 2118 721 perata
2161 636 2166 679 ¹

100 735 284 809 tribuitur.
349 733 462 805 Porro
488 753 591 824 saepe
616 731 782 803 accidit
771 756 810 800 ιιι
837 729 1093 802 instauratione
1141 732 1258 802 siones
1280 734 1324 803 de
1338 732 1580 826 oblatione,
1567 753 1712 803 manem
1725 731 1893 803 fiduciam
1909 743 1947 803 et
1959 731 2120 803 adoratu·
2162 770 2166 782 ·

99 837 295 923 Ecclesiae,
329 849 372 908 ιιι
394 857 489 906 unus
523 847 585 904 aut
609 833 715 927 pauci
734 832 866 924 privati
888 831 1095 903 renovarint
1140 858 1224 904 nem
1247 834 1480 928 spectantium
1497 848 1629 927 panem·
1642 832 1679 902 iu
1695 836 1835 925 pompis
1851 829 2053 920 theatricis,
2076 856 2120 905 et·
2164 842 2166 883 ¹

100 942 321 1024 doctrinam,
353 950 389 1010 et
410 930 704 1027 reprehenderint
723 935 829 1004 falsas
852 933 1095 1027 persuasiones
1141 951 1195 1008 tra
1217 959 1320 1009 rasum
1345 937 1560 1010 institutum.
1615 931 1664 1005 Et
1686 947 1761 1007 tota
1779 928 1943 1006 Ecclesia
1963 935 2059 1007 veris
2075 958 2121 1027 gs-

100 1042 331 1125 Pontificum,
355 1053 390 1109 et
408 1037 565 1131 reliquae
581 1035 843 1121 multitudinis,
865 1061 955 1131 quae
978 1034 1095 1105 domi·
1141 1039 1289 1108 mitibus
1320 1052 1443 1130 optare
1474 1038 1599 1123 debet,
1639 1048 1681 1107 ut
1711 1038 1854 1108 tandem
1877 1034 1984 1108 Elias
2010 1036 2121 1131 aliquis

102 1147 274 1227 nabetur,
305 1154 346 1212 ut
370 1137 489 1224 Elias,
519 1135 663 1223 Esaias,
697 1135 879 1225 Ieremias,
919 1132 1095 1208 lohannes
1141 1135 1234 1210 hanc
1246 1135 1456 1212 horribilem
1478 1138 1688 1210 sacramenti
1709 1134 2035 1232 prophanationem
2053 1138 2122 1209 aho-

60 1332 66 1343 ,
101 1244 282 1337 Baptista,
307 1243 352 1314 ab
369 1241 550 1313 ordinaria
565 1252 753 1332 potestate,
778 1253 812 1311 et
832 1238 1095 1309 amultitudine
1141 1244 1222 1316 leat.
1273 1241 1386 1335 Saepe
1398 1236 1490 1311 mihi
1505 1241 1675 1333 cogitanti
1695 1242 1739 1311 de
1754 1238 1907 1311 Turrica
1934 1240 2123 1336 tyrannide,

103 1351 359 1418 dissenserunt.
409 1340 458 1414 Et
472 1343 615 1436 quidem
635 1343 843 1413 mandatum
856 1338 923 1411 Dei
945 1342 989 1410 de
1010 1364 1095 1410 con·
1143 1358 1178 1415 et
1198 1344 1306 1414 tantis
1330 1344 1547 1415 successibus
1571 1341 1702 1436 impiae
1728 1353 1763 1413 et
1784 1344 1986 1412 obscoenae
2014 1342 2123 1432 gentis,

101 1450 257 1519 sessione
285 1443 469 1516 doctrinae
494 1445 587 1535 cogit
609 1443 767 1534 singulos
790 1456 884 1514 recte
905 1442 1096 1514 sentientes
1143 1445 1303 1517 venitin
1326 1460 1481 1517 mentem
1511 1458 1721 1537 temporum.
1777 1441 1972 1515 Decretum
2005 1447 2051 1515 de
2075 1442 2124 1513 illa

103 1551 225 1621 testari
240 1549 337 1643 quod
354 1546 522 1630 sentiunt,
539 1560 574 1617 et
587 1546 651 1615 uln
662 1546 798 1615 vocatio
808 1545 958 1639 requrrrt
972 1556 1095 1616 contra
1142 1548 1246 1640 punis
1276 1548 1473 1619 abiectione
1498 1549 1631 1617 factrrm
1661 1560 1712 1617 est
1744 1544 1782 1613 in
1812 1568 1941 1637 magna
1971 1542 2123 1637 Europae

105 1653 222 1723 dicere
238 1647 481 1731 multitudini,
510 1663 543 1720 et
553 1647 852 1736 gubernatoribus
872 1647 1083 1718 errantibus.
1142 1650 1429 1742 perturbatione,
1455 1672 1551 1718 anno
1572 1662 1649 1739 post
1664 1641 1798 1718 Christi
1814 1649 1971 1719 natalem
1991 1643 2124 1740 1316.*)

206 1754 277 1825 Sed
293 1750 385 1820 liber
403 1750 508 1839 longe
528 1749 631 1818 aliter
652 1748 818 1840 pingebat
834 1745 1011 1821 Ecclesiae
1032 1772 1096 1840 po·
1142 1749 1225 1822 Εο
1217 1776 1291 1843 ιριο
1312 1764 1469 1841 tempore
1489 1751 1526 1819 in
1543 1744 1630 1821 Asia
1652 1750 1830 1819 dominari
1851 1744 1941 1820 haee
1958 1744 2123 1821 Otlroma-

106 1858 231 1927 litiam.
281 1851 464 1923 Necoliud
482 1863 556 1921 erat
574 1852 804 1941 comprobare
823 1845 915 1921 hanc
935 1853 1097 1934 formam,
1145 1878 1273 1925 norum
1294 1854 1428 1923 familia
1445 1851 1579 1943 coepit,
1604 1875 1644 1922 ac
1658 1852 1953 1943 propemodum'
1941 1851 2046 1923 mitia
2060 1874 2122 1920 mo-

105 1959 177 2028 nisi
206 1956 389 2027 traducere
422 1975 552 2045 equum
586 1949 832 2022 Troianum
821 1976 859 2022 ιιι
875 1947 912 2047 *)
945 1951 1097 2021 moenia·
1143 1969 1247 2040 nent,
1272 1950 1568 2025 hancTurcicam
1590 1954 1726 2023 rabiem
1747 1951 1854 2049 ae**)
1878 1953 2121 2038 crudelitatem,

104 2060 266 2130 Primum
293 2055 388 2125 euim
418 2077 555 2123 errores
580 2054 725 2146 quidam
751 2077 826 2125 ιιοιι
853 2054 948 2123 leves
974 2077 1098 2123 recen·
1143 2010 1357 2158 peculiarem
1381 2080 1532 2147 poenam
1556 2078 1629 2126 esse
1644 2055 1897 2146 multiplicium
1916 2056 2121 2139 delictorum,
2163 2046 2166 2057 '

104 2163 194 2230 tium
218 2157 445 2282 Synodprum
466 2155 613 2226 stabiliti
636 2168 771 2240 essent,
804 2155 833 2226 si
857 2155 1026 2226 autoritas
1047 2155 1097 2224 eis
1144 2185 1200 2253 qu
1195 2184 1234 2229 re
1250 2161 1428 2229 decretum
1445 2157 1534 2227 illud
1554 2157 1706 2249 peperit,
1732 2158 1828 2250 quod
1846 2180 1979 2227 nervus
2001 2172 2051 2227 est
2070 2158 2121 2227 ob-

105 2264 322 2333 tribueretur
336 2251 595 2349 ἀνιιιίληιιιος,
624 2280 770 2349 eamque
791 2257 838 2329 ob
854 2280 993 2329 eattsam
1011 2258 1097 2327 late·
1143 2261 1307 2347 lationis,
1333 2270 1498 2356 quaestus
1515 2256 1705 2327 Musarum
1715 2254 1803 2353 ***)
1828 2270 1863 2329 et
1875 2259 2118 2352 opulenuaeae

105 2369 212 2435 batrrr
234 2358 370 2430 Eccius
392 2382 427 2427 se
456 2360 680 2428 autoritatem
704 2357 931 2453 Synodorum
964 2382 1098 2450 propu-
1144 2352 1487 2432 luxussacerdotum.
1502 2357 2119 2469 l‘raecedebatregesPersicosequus

106 2488 233 2557 gnare,
256 2476 297 2533 ιιι
312 2460 454 2530 articuli
473 2475 672 2554 sequentes,
698 2461 885 2553 dequibus
902 2474 985 2530 sunt
1011 2483 1097 2528 con·
1143 2487 1267 2555 gerens
1282 2485 1426 2555 parvam
1441 2485 1549 2547 aram
1576 2462 1614 2530 in
1633 2486 1701 2555 qua
1719 2461 2117 2533 crantcrneresetllam

108 2565 309 2649 trecentae,
335 2563 619 2631 sinerertamine
635 2562 789 2631 obtineri
806 2574 958 2654 possent.
984 2559 1097 2631 Dein·
1143 2566 1240 2636 mula
1270 2565 1360 2635 sacri
1386 2565 1496 2654 ignis,
1534 2587 1641 2683 quem
1667 2586 1732 2634 ceu
1759 2588 1895 2633 numen
1917 2565 2077 2636 colebant
2092 2579 2119 2635 et
2149 2602 2153 2617 ·

108 2672 152 2738 de
169 2682 204 2737 et
218 2663 286 2736 hoc
302 2678 415 2735 astute
431 2666 609 2753 agebatur,
634 2689 662 2733 ιι
653 2664 818 2734 'adsensi
835 2687 999 2747 essemus,
1021 2686 1096 2732 ιιοιι
1144 2667 1341 2738 adorabant
1360 2664 1505 2752 Persae,
1529 2679 1570 2737 ut
1591 2664 1700 2756 igitur
1712 2663 1790 2738 Rex
1815 2665 2003 2737 videretur
2024 2690 2117 2758 auge·

108 2773 213 2841 licere
239 2766 386 2860 privatis
408 2777 469 2834 aut
493 2765 721 2856 paucioribus
743 2765 928 2835 dissentire
949 2788 969 2833 a
993 2788 1097 2856 supe·
1143 2772 1241 2854 stior,
1265 2782 1301 2840 et
1315 2790 1387 2839 una
1402 2790 1483 2838 eum
1500 2791 1564 2837 suo
1580 2767 1729 2837 numine
1738 2769 1961 2853 adoraretur,
1977 2792 2056 2839 cum
2068 2764 2118 2838 hac

106 2871 264 2943 rioribus
283 2892 323 2938 ac
344 2866 525 2959 pluribus,
554 2866 625 2935 iam
648 2878 766 2937 nostra
792 2889 877 2936 voce
898 2880 934 2937 et
961 2866 1097 2937 ¹nostris
1143 2894 1272 2964 pompa
1285 2869 1451 2963 prodibat
1466 2869 1506 2938 iu
1519 2869 1715 2961 publicum.
1767 2867 1819 2939 lta
1835 2892 1935 2940 nrrne
1948 2868 2120 2941 Pontifices

108 2971 284 3061 suffragiis
303 2968 369 3038 nos
394 2968 489 3059 ipsos
509 2971 848 3042 condemnassemus.
905 2965 981 3039 Cur
1000 2968 1096 3039 enim
1143 2972 1326 3047 Romanos
1341 2970 1514 3042 antecedit
1529 2994 1641 3065 equus
1662 2991 1785 3060 gerens
1803 2994 1933 3061 panem
1954 2995 2120 3042 consecra·

106 3067 297 3143 lutherus
328 3093 422 3141 unus
448 3093 584 3163 errores
606 3069 818 3139 Pontificum
840 3083 874 3139 et
895 3066 1096 3141 scholarum
1143 3089 1237 3159 tum,
1263 3073 1533 3168 quiibivitiose
1551 3074 1730 3144 adoratur.
1782 3070 1854 3143 Sed
1870 3068 2056 3143 haecalias
2072 3094 2120 3142 co

107 3177 279 3266 attingere
293 3195 398 3244 ausus
414 3185 486 3256 est,
510 3196 574 3242 cur
588 3185 767 3241 nostrae
744 3169 919 3243 Ecclesiae
936 3197 1016 3243 eum
1042 3196 1095 3241 se
1143 3177 1288 3301 piosips.
1338 3173 1442 3244 Nunc
1457 3174 1614 3244 breviter
1625 3195 1806 3258 recenseo
1832 3196 1900 3242 nos
1918 3173 2018 3244 illam
2032 3198 2121 3247 asro·

107 3291 285 3374 quuntur,
316 3300 356 3345 ac
378 3298 452 3344 non
475 3274 594 3364 potius
618 3287 671 3344 tot
695 3275 914 3359 seculorum,
946 3272 1097 3345 Pontifi-
1143 3272 1310 3371 φωνίαν,
1335 3277 1380 3345 de
1396 3277 1498 3365 panis
1519 3276 1737 3360 abiectione,
1760 3288 1794 3344 et
1816 3270 2121 3366 prophanationem

104 3406 188 3452 curn
210 3392 245 3451 et
268 3373 469 3448 scholarum
491 3376 724 3445 consensum?
781 3328 965 3446 Postreiuo
987 3377 1097 3469 perti·
1143 3376 1363 3451 sacramenti
1376 3377 1460 3448 inde
1473 3389 1609 3460 ortam,
1634 3400 1708 3448 non
1724 3376 1879 3448 voluisse
1893 3378 2105 3449 confirmare

107 3485 214 3553 nebat
235 3475 304 3548 hoc
326 3476 583 3594 praeiudicium
612 3480 655 3547 ad
685 3492 845 3548 externas
875 3479 1038 3549 nationes
1063 3490 1098 3546 et
1245 3478 1299 3552 De
1314 3478 1556 3567 Paenitentia,
1580 3480 1703 3574 quales
1727 3473 1944 3573 labyrinthi,
1972 3502 2062 3573 quae
2081 3494 2123 3550 te·

109 3585 153 3653 ad
168 3579 428 3675 posteritatem,
452 3600 542 3671 quae
556 3579 634 3648 iure
651 3574 837 3650 levitatem
860 3594 1016 3650 nostram
1040 3602 1099 3648 re-
1143 3584 1275 3654 nebrae
1289 3581 1416 3652 sintin
1436 3581 1702 3676 quaestionibus
1721 3574 1998 3667 monachorum,
2022 3604 2126 3675 quan·

108 3678 326 3778 prehensum
343 3679 485 3763 suisset,
510 3678 540 3747 si
554 3692 650 3748 tanta
666 3681 856 3774 tyrannide
867 3703 1098 3751 amassemus
1144 3699 1221 3756 ιιιιιι
1237 3680 1458 3757 ethnicarum
1471 3682 1763 3775 superstitionum
1777 3676 1895 3752 adhuc
1911 3681 2011 3752 sitin
2036 3682 2128 3753 sutis-

107 3784 307 3857 Pontifices.
359 3778 575 3872 Quanquam
591 3781 700 3870 igitur
723 3781 825 3850 video
852 3796 1010 3901 tempora
1033 3783 1099 3852 do-
1144 3786 1358 3858 sactionibus
1389 3784 1583 3855 multarum
1610 3785 1785 3874 gentium,
1833 3782 1984 3859 constat.
2044 3782 2128 3856 Cum

108 3874 285 3958 mesticam
313 3907 433 3974 pacem
458 3882 632 3971 flagitare,
663 3898 697 3954 et
723 3897 848 3953 natura
873 3884 993 3953 minus
1019 3906 1098 3953 sum
1146 3913 1229 3958 vero
1252 3887 1397 3980 depulsa
1417 3885 1478 3955 illa
1503 3886 1653 3975 caligine
1669 3882 1766 3955 Deus
1789 3886 1988 3957 reddiderit
2007 3888 2129 3956 nostris

107 4011 246 4084 pugnax
266 4009 372 4078 quam
393 4007 481 4076 opus
497 3996 566 4068 est,
592 3997 709 4054 tamen
729 4009 808 4054 cum
823 4008 897 4055 non
911 3985 1099 4078 agampri·
1145 3985 1515 4077 EcclesiisEvangelii
1533 3987 1664 4072 lucem,
1688 3985 1871 4057 noluimus
1894 3988 2050 4080 recipere
2068 4012 2129 4057 no-

108 4106 226 4162 vatam
248 4111 408 4172 ιιιιιιιιι,
434 4086 494 4153 sed
521 4087 697 4176 publicam
710 4082 907 4169 Ecclesiae,
935 4089 1022 4182 quid
1045 4089 1099 4157 sa·
1146 4114 1207 4161 vas
1226 4089 1443 4179 corruptelas
1464 4111 1584 4161 rerum
1605 4101 1698 4158 recte
1720 4090 1950 4172 traditarum,
1975 4103 2016 4159 ιιι
2034 4090 2129 4159 facile

108 4190 248 4264 cerem?
296 4186 375 4279 Ego
390 4210 475 4257 vero
491 4212 536 4256 ne
558 4189 727 4279 quidem
717 4212 757 4257 ιιι
779 4201 881 4259 tauro
899 4184 1100 4259 Phalaridis
1144 4192 1317 4263 iudicabit
1337 4190 1482 4277 Lector,
1512 4189 1649 4260 collatis
1670 4189 1802 4260 uostris
1827 4201 1861 4259 et
1883 4191 1972 4259 libri
1994 4204 2129 4262 senten·

109 4292 379 4365 adsentiendum
408 4312 480 4358 esse
506 4290 610 4359 duco.
667 4287 763 4358 Haec
786 4314 827 4360 eo
851 4314 1099 4374 commemoro,
1146 4294 1217 4366 tiis.

110 4420 155 4465 ne
172 4395 252 4488 quis
268 4390 482 4483 petulantiae
500 4406 561 4460 aut
575 4393 814 4461 contumaciae
830 4392 977 4477 tribuat,
1001 4394 1097 4487 quod
1247 4392 1317 4466 Sed
1341 4407 1382 4464 nt
1404 4393 1444 4462 in
1468 4394 1543 4463 acie
1562 4393 1669 4462 duces
1682 4404 1758 4462 arte
1773 4394 1997 4468 distribuunt
2010 4397 2128 4489 copias,

110 4494 325 4589 repugnavi,
350 4494 415 4562 etsi
430 4492 467 4560 id
484 4495 681 4562 verecunde
695 4492 774 4564 feci.
823 4490 872 4562 Et
897 4494 1019 4564 vident
1041 4517 1097 4562 me
1146 4498 1194 4567 ita
1209 4496 1376 4567 materiae
1391 4494 1475 4565 libri
1489 4492 1660 4583 singulari
1673 4495 1823 4564 consilio
1838 4496 1935 4565 varie
1947 4498 2129 4591 dispositae

54 4604 58 4615 '
110 4594 198 4668 haec
213 4619 287 4665 non
303 4594 432 4684 tragice
446 4619 610 4679 narrare,
634 4592 697 4686 qui
720 4594 837 4664 sciunt
857 4620 965 4687 quam
987 4594 1098 4664 artili-
1145 4612 1239 4670 sunt.
1291 4595 1333 4665 ln
1346 4597 1451 4667 titulo
1467 4598 1512 4665 de
1527 4593 1683 4665 Ecclesia
1700 4596 1792 4667 liber
1815 4592 2037 4670 horribiliter
2057 4624 2127 4671 ere·

110 4700 202 4770 close
219 4720 276 4765 res
292 4697 593 4768 instructaluerit.
633 4694 705 4764 Nee
719 4708 904 4787 propterea
921 4696 1099 4768 veteribus
1145 4714 1265 4771 cratur
1283 4722 1342 4769 eos
1363 4698 1427 4792 qui
1448 4700 1617 4767 deserunt
1636 4694 1841 4774 Ecclesiam.
1888 4694 1939 4771 Et
1961 4697 2055 4773 hane
2074 4705 2128 4772 de-

108 4816 144 4871 et
160 4797 316 4894 probatis
332 4796 486 4890 Synodis
502 4796 726 4867 autoritatem
741 4793 970 4871 ‹letrahimus.
996 4796 1099 4869 Sem·
1146 4802 1268 4873 scribit
1294 4799 1504 4893 quibusdam
1528 4801 1720 4868 verborum
1745 4800 1962 4888 involucris,
1999 4818 2126 4875 utnon

110 4928 174 4996 per
187 4900 282 4972 euim
298 4911 499 4967 constanter
521 4897 742 4967 defendimus
757 4897 931 4969 Nicenum
946 4900 1099 4995 Symbo-
1146 4904 1264 4973 statim
1280 4904 1462 4992 adpareat,
1486 4899 1574 4993 quid
1590 4901 1767 4970 moliatur.
1817 4898 2127 4975 llissundamentis

113 5009 199 5090 lum,
212 5002 295 5096 quia
310 5013 344 5071 et
352 4996 575 5090 Apostolicae
583 4999 775 5090 scripturae
789 4999 889 5069 firma
897 5000 1098 5072 testimonia
1145 5005 1261 5090 iactis,
1286 5026 1377 5096 quae
1401 5012 1484 5071 sunt
1503 5000 1674 5093 speciosa,
1708 5014 1786 5093 post
1800 5002 1948 5092 longum
1967 5005 2127 5077 intercal-

110 5104 227 5191 habet,
237 5118 271 5175 et
287 5101 470 5195 perspicue
480 5100 718 5190 suffragantur
728 5100 939 5173 vetustiores
948 5103 1097 5193 scripto-

109 5234 175 5292 res‚
196 5208 258 5303 qui
277 5220 379 5275 testes
398 5217 480 5273 sunt
494 5203 626 5295 primae
641 5202 835 5273 sentcntiae
852 5202 891 5272 iu
904 5200 1072 5279 Ecclesia.
1177 5268 1207 5338 ‚o
1227 5266 1294 5325 Mel·
1307 5284 1388 5338 oppa
1410 5261 1487 5319 1215.
1694 5260 1742 5331 aa)
1762 5261 1827 5318 Md,
1842 5279 1908 5336 opp.
1921 5275 1958 5322 a.

143 5369 172 5438 ι)
191 5366 258 5421 Mel.
271 5383 333 5435 opp.
347 5364 424 5415 intra
437 5379 486 5433 pro
500 5362 540 5416 ιἰι.
1052 5328 1057 5337 ¹
1178 5349 1245 5422 W)
1261 5350 1327 5409 Met
1342 5367 1405 5423 opp.
1421 5348 1559 5405 Macarta
