4522 5752
106 205 182 281 586
671 203 1105 291 EPISTOLARUM

107 381 320 464 lactionum,
344 380 551 471 praesertim
566 404 646 453 cum
661 382 797 454 indocti
813 397 938 476 putent
950 407 1008 454 eas
1022 405 1099 452 me-

50 544 55 555 ,
108 485 177 552 reri
194 481 435 571 remissionem
452 484 585 576 culpae.

209 616 353 689 Abusus
384 620 589 690 manifestus
622 636 693 709 est,
734 624 818 701 dare
851 622 1098 713 indulgentias.

109 718 199 791 Cum
223 721 317 789 enim
345 721 430 791 olim
454 722 693 813 indulgentiae
715 724 849 796 fuerint
868 726 1100 795 relaxationes

109 846 303 913 poenarum
319 819 599 910 Canonicarum,
625 838 659 895 et
673 840 830 918 tempora
842 827 916 917 ipsa
939 841 1100 897 mutave-

109 924 182 993 rint
202 948 332 1017 poenas
344 921 560 1013 Canonicas,
591 927 662 996 iarn
685 927 926 1019 indulgentiae
946 943 1030 1000 sunt
1044 930 1101 998 in·

111 1042 177 1096 ane
192 1050 334 1099 nomen.

210 1155 508 1231 Commenticium
533 1174 604 1246 est,
636 1163 732 1254 quod
760 1163 888 1236 docent
914 1163 954 1234 in
979 1164 1101 1236 indul-

111 1261 238 1351 gentiis
265 1261 436 1352 adplicari
461 1262 588 1332 merita
614 1278 835 1350 sanctorum,
874 1290 955 1336 cum
982 1279 1101 1336 tamen

110 1359 196 1433 hacc
212 1364 253 1432 ad
259 1363 401 1455 plicatio
415 1386 489 1432 non
505 1364 680 1455 pertineat
694 1367 739 1434 ad
755 1365 878 1439 claves.
917 1365 1006 1437 Item
1021 1392 1101 1438 cum

112 1466 267 1549 dicatur,
307 1463 424 1535 Iustus
446 1489 509 1534 sua
529 1467 598 1535 lide
620 1465 728 1551 vivit,
768 1491 836 1560 qua
857 1468 1010 1559 adplicat
1034 1469 1104 1538 sibi

111 1562 246 1637 Christi
268 1567 410 1651 merita,
445 1590 519 1635 non
537 1580 586 1636 est
603 1567 782 1657 persuasio
806 1569 1024 1641 effundenda
1038 1596 1104 1664 po-

110 1669 219 1761 pulo,
244 1669 498 1760 quodpropter
512 1668 636 1738 merita
651 1684 852 1740 sanctorum
869 1672 1059 1746 salventur.
1104 1694 1115 1706 “

214 1794 426 1889 Blasphcma
439 1823 507 1869 vox
523 1813 590 1885 est,
616 1803 711 1893 quod
735 1801 774 1871 in
796 1803 1017 1876 absolutione
1042 1807 1106 1877 ad-

114 1903 206 1971 dunt
228 1900 363 1970 meritis
384 1895 518 1970 Christi
543 1902 671 1973 merita
692 1917 914 1992 sanctorum,
947 1930 1028 1977 cum
1049 1908 1106 1978 di-

115 2015 216 2088 cunt,
242 2002 363 2074 merita
380 1998 516 2073 Christi
530 2015 564 2072 et
580 2000 717 2074 Mariae
739 2020 774 2077 et
788 2007 950 2077 omnium
967 2023 1107 2081 sancto-

114 2129 194 2201 rum
208 2103 281 2174 sint
296 2104 364 2174 tibi
384 2106 427 2173 ad
443 2104 686 2174 remissionem
703 2121 938 2200 peccatorum.

218 2235 361 2310 Abusus
388 2240 594 2310 manifestus
615 2254 684 2327 est,
717 2245 813 2334 quod
834 2246 988 2338 populus
1008 2259 1108 2339 putat

115 2344 234 2413 minus
248 2341 366 2411 valere
386 2342 643 2413 absolutionem
665 2344 721 2414 sui
735 2344 909 2434 Pastoris,
931 2373 1037 2443 quam
1051 2347 1108 2418 in-

117 2443 328 2541 dplgentias.

218 2572 363 2646 Abusus
388 2574 595 2646 manifestus
616 2591 684 2664 cst,
718 2580 815 2672 quod
835 2580 966 2652 dantur
987 2582 1106 2651 indul·

119 2677 258 2769 gentiae
274 2702 339 2769 pro
355 2676 524 2762 mortuis,
549 2703 630 2749 cum
646 2678 817 2773 scriptum
830 2680 890 2751 sit:
923 2679 1108 2777 Quidquid

121 2779 313 2872 ligaveritis
327 2801 434 2872 super
450 2792 601 2867 terram,
626 2794 690 2856 etc.

219 2910 364 2986 Abusus
380 2911 559 2984 manifesti
573 2928 666 2999 sunt,
691 2917 788 3009 quod
800 2918 952 3010 populus
969 2917 1111 2990 iubetur

95 3044 99 3053 ·
119 3017 292 3089 redimere
311 3015 542 3086 relaxationes
559 3016 791 3087 traditionum
806 3021 851 3090 de
865 3019 954 3091 cibis
974 3020 1010 3091 el
1022 3022 1111 3092 aliis.

120 3116 198 3190 Hae
221 3119 434 3210 imposturae
460 3117 567 3188 etiam
590 3131 818 3212 quaestuosae
839 3137 940 3208 scrut,
973 3137 1008 3194 ct
1036 3148 1111 3193 non

122 3223 236 3292 solum
250 3221 358 3289 falsae
371 3219 614 3310 persuasiones
628 3235 760 3293 nocent
773 3223 1024 3312 eonscientiae,
1049 3228 1111 3296 sed

123 3324 226 3395 etiam
241 3321 371 3392 iniuste
390 3321 603 3414 compilatur
615 3322 780 3415 populus.
1008 3332 1012 3345 '

222 3455 367 3530 Abusus
385 3457 593 3529 manifestus
615 3460 807 3553 estpquod
829 3460 975 3533 obnoxii
992 3461 1112 3556 publi-

123 3565 172 3634 cis
196 3560 406 3630 criminibus
428 3584 509 3629 cum
531 3559 768 3652 recipiuntur,
797 3563 843 3631 ab
867 3564 911 3633 iis
934 3565 1113 3658 quiprae-

123 3675 225 3748 sunt,
257 3661 439 3730 redimunt
460 3661 609 3752 pecunia
627 3662 807 3752 publicam
837 3666 1113 3756 castigationem,

124 3788 212 3860 quae
228 3764 272 3833 ad
289 3761 487 3853 exemplum
503 3762 668 3853 pertinet.

224 3889 368 3966 Abusus
380 3891 587 3962 manifestus
604 3905 676 3978 est,
708 3894 805 3986 quod
830 3895 998 3967 debonis
1021 3898 1113 3969 male

122 3997 233 4093 partis
257 3997 389 4066 dantur
410 3992 591 4064 facultates
613 3995 863 4087 dispensandi,
904 4013 939 4070 et
960 3998 1113 4072 faciendi

124 4098 425 4193 compensationes
440 4108 666 4190 quaestuosas
678 4097 900 4171 auditoribus
921 4102 1113 4174 confessio-

124 4228 223 4279 llum·

294 4338 297 4343 ι
327 4377 364 4435 V.
397 4377 444 4432 De
464 4375 560 4433 Coena
577 4378 699 4434 Domml
712 4388 740 4433 et
757 4382 793 4434 de
808 4380 909 4439 dileco.
1102 4415 1106 4421 -

226 4497 370 4572 Abusus
388 4499 568 4568 manifesti
594 4511 695 4584 sunt,
737 4501 833 4592 quod
863 4504 987 4573 multis
1010 4505 1116 4575 datur

125 4605 411 4685 Sacramentum,
460 4623 524 4669 tros
540 4613 675 4670 constat
695 4625 917 4693 perseverare
935 4605 973 4674 in
998 4606 1115 4674 mani-

123 4703 220 4776 festis
233 4702 395 4796 peccatis.
479 4715 494 4772 t
508 4701 558 4771 sic
579 4702 703 4792 ingens
719 4704 823 4773 turba
836 4706 1114 4778 sacrificulorum

125 4807 263 4878 assidue
279 4803 432 4873 celebrat
445 4798 586 4876 Missas.

1131 205 1258 323 mn.
1288 207 1392 289 vm.
1444 206 1579 291 1⁶41.

2064 208 2134 289 Md

1151 380 1214 451 tiri
1244 380 1379 453 fructus
1396 380 1548 465 Missae,
1583 381 1782 471 secundum
1813 382 2137 459 determinationem

1151 483 1349 559 sacrificuli.
1399 484 1461 557 Sic
1476 484 1573 555 enim
1589 485 1805 579 loquuntur:
1837 481 1889 557 Et
1914 486 2060 579 quidem
2077 487 2140 557 fin-

1151 599 1240 676 gunt
1256 583 1404 657 Missam
1420 588 1585 679 prodesse
1599 586 1680 657 aliis
1692 609 1737 658 ex
1749 608 1857 679 opere
1874 600 2035 680 operato.

1252 716 1350 792 Haec
1367 735 1420 793 est
1435 743 1580 814 prorsus
1595 715 1735 793 ethnica
1758 721 1952 814 persuasio.
2004 714 2138 801 Etcum

1152 819 1286 892 Paulus
1303 823 1396 893 dicat
1411 822 1534 917 puniri
1548 818 1741 894 Ecclesiam
1758 835 1905 916 propter
1923 820 2071 913 indigne
2084 846 2138 895 su-

1153 937 1307 1009 mentes,
1338 949 1413 995 non
1438 925 1590 996 dubium
1610 937 1679 1012 cst,
1708 919 1804 994 hanc
1827 918 2043 995 horribilem
2063 950 2139 1018 pro·

1153 1019 1404 1116 phanationem
1419 1049 1559 1097 causam
1572 1048 1646 1097 esse
1659 1025 1892 1096 maximarum
1908 1025 2141 1099 calamitatum

1154 1126 1390 1220 publicarum.
1448 1125 1605 1221 Recepta
1626 1127 1722 1197 enirn
1744 1126 1933 1219 opinione,
1968 1126 2139 1221 quauta

1155 1228 1344 1320 adplicatio
1355 1229 1451 1301 iuxta
1466 1229 1655 1300 arbitrium
1677 1228 1880 1313 sacrificuli,
1903 1242 1938 1300 et
1959 1249 2050 1320 opus
2071 1229 2138 1299 siue

1155 1330 1283 1422 pietate
1299 1331 1460 1402 facientis
1474 1331 1591 1425 prosit
1610 1330 1709 1414 aliis,
1741 1325 1802 1401 hic
1825 1330 2017 1401 sacrificuli
2036 1331 2140 1400 securi
2183 1404 2186 1435 Ι

1156 1446 1348 1523 coeperunt
1369 1432 1548 1502 cumulare
1571 1430 1720 1518 Missas,
1747 1444 1784 1503 ct
1802 1431 1952 1501 uberius
1973 1431 2141 1524 adplicata
2183 1450 2186 1521 t

1156 1533 1218 1619 iis,
1245 1536 1308 1627 qui
1322 1534 1402 1625 plus
1424 1534 1671 1604 numerabant.
1720 1529 1808 1601 Inde
1826 1530 1961 1602 Missae
1981 1532 2021 1602 in
2043 1556 2141 1627 quae-

1157 1648 1251 1706 stum
1267 1658 1455 1730 conversae
1470 1646 1571 1721 sunt,
1595 1633 1673 1705 Nec
1681 1632 1749 1704 alia
1763 1655 1821 1704 res
1837 1633 1876 1703 in
1888 1634 2029 1705 mundo
2043 1658 2141 1729 quae-
2184 1626 2186 1635 ’

1159 1738 1312 1808 stuosior
1330 1750 1400 1823 est,
1424 1760 1532 1830 quam
1548 1733 1672 1810 Missa.

1258 1865 1308 1940 Et
1322 1883 1460 1961 recepta
1476 1883 1528 1940 est
1542 1869 1740 1962 persuasio,
1763 1883 1805 1941 ut
1825 1881 1974 1963 putetur
1998 1891 2073 1940 esse
2091 1861 2142 1939 ress
2179 1938 2186 1951 ,

1160 1971 1315 2040 medium
1336 1972 1497 2041 omnium
1518 1971 1694 2040 malorum
1718 1972 1958 2065 corporalium
1985 1985 2022 2043 et
2047 1973 2142 2063 spiri-

1160 2074 1328 2158 tualium,
1352 2071 1568 2145 Mercatores
1592 2074 1795 2144 conducunt
1808 2070 1957 2159 Missas,
1982 2086 2023 2145 ut
2045 2072 2141 2145 foelix

1160 2171 1207 2245 sit'
1227 2173 1436 2264 negotiatio,
1466 2175 1637 2260 viatores,
1662 2187 1705 2246 ut
1725 2175 1794 2249 iter
1815 2174 1862 2247 sit
1882 2174 2061 2263 faustum,
2091 2198 2142 2247 aa·

1161 2276 1254 2368 groti
1268 2291 1308 2347 ut
1321 2276 1587 2362 convalescant,
1613 2290 1677 2350 etc.

1261 2421 1393 2494 Haeret
1404 2423 1532 2497 fiducia
1549 2424 1666 2517 operis
1677 2424 1875 2498 sacrificuli.
1902 2421 2053 2494 Interim
2064 2405 2145 2517 quoss

1161 2526 1268 2596 modo
1294 2526 1407 2618 prosit
1427 2526 1669 2612 conscientiis,
1693 2527 1874 2620 quomodo
1895 2525 1944 2598 sit
1961 2524 2145 2596 exercenda

1161 2628 1266 2714 fides,
1292 2643 1326 2699 et
1341 2628 1519 2699 invocatio
1533 2629 1573 2697 in
1588 2628 1675 2715 fide,
1699 2627 1882 2699 silentium
1896 2639 1961 2703 cst.
2064 2634 2067 2641 '

1262 2775 1412 2871 Templa
1434 2791 1519 2849 sunt
1543 2789 1710 2869 occupata
1729 2774 1871 2862 Missis,
1902 2799 1987 2847 cum
2009 2776 2143 2847 interim

1163 2876 1391 2969 negliguntur
1407 2879 1645 2950 ministerium
1660 2879 1814 2949 docendi
1825 2873 2018 2969 Evangelii
2038 2892 2075 2951 et
2085 2876 2144 2949 Ca-

1163 2976 1311 3050 teehesis
1335 2994 1370 3051 et
1392 3005 1537 3051 examen
1562 2980 1758 3051 iuventutis
1787 3003 1828 3049 ac
1858 2981 2019 3053 rudium.
2077 2976 2143 3050 lma

1163 3083 1274 3171 magis
1293 3097 1460 3174 occupata
1484 3096 1567 3153 sunt
1583 3081 1715 3175 templa
1739 3080 1778 3149 in
1799 3081 1896 3151 feriis
1917 3094 2144 3162 mortuorum,

1164 3207 1269 3275 quam
1289 3183 1504 3270 ministerio,
1531 3186 1625 3278 quod
1643 3184 1806 3254 vivorum
1822 3205 1925 3253 causa
1950 3182 2146 3254 institutum

1163 3299 1226 3359 est.
1276 3282 1325 3356 Et
1348 3286 1387 3355 in
1407 3285 1619 3356 lectionibus
1633 3285 1734 3355 nulla'
1749 3297 1801 3355 est
1814 3284 2021 3355 animorum
2039 3284 2146 3354 inteu-

1163 3386 1232 3472 tio,
1261 3388 1322 3456 sed
1346 3387 1498 3458 servitur
1518 3410 1668 3479 pompae
1689 3409 1789 3457 more
1810 3381 1973 3474 ethnico,
2004 3397 2048 3458 ut
2067 3385 2145 3457 olim

1164 3488 1437 3560 celebrabantur
1449 3490 1529 3559 ludi
1543 3490 1721 3560 funebres.

1264 3626 1313 3699 Ut
1331 3627 1490 3699 Persicos
1508 3652 1606 3719 reges
1630 3628 1860 3719 praecedebat
1883 3649 1997 3722 equus
2018 3640 2147 3717 gestans

1164 3754 1299 3801 numen
1313 3729 1514 3812 Persicum,
1539 3754 1677 3801 sacrum
1692 3731 1821 3820 ignem.
1870 3727 1925 3799 lta
1938 3726 2074 3821 Papam
2095 3752 2147 3799 so·

1165 3834 1214 3903 let
1236 3833 1440 3902 antecedere
1465 3855 1576 3925 equus
1602 3854 1725 3923 gerens
1747 3830 2036 3916 Sacramentum,
2075 3851 2152 3902 cum

1165 3929 1327 4006 Christus
1348 3958 1422 4002 non
1446 3933 1640 4003 instituerit
1659 3957 1761 4005 suum
1786 3955 1917 4003 munus
1938 3932 1985 4002 ad
2005 3926 2093 4019 hoc,
2112 3942 2149 4001 ut

1166 4035 1294 4108 serviat
1306 4036 1494 4106 ambitioni
1513 4034 1738 4109 Pontificum.

1263 4183 1308 4257 In
1330 4185 1418 4257 festo
1441 4188 1600 4280 corporis
1622 4182 1757 4256 Christi
1783 4184 2087 4257 circumferuntur
2104 4185 2150 4254 ri·

1164 4289 1241 4359 mul
1254 4289 1349 4374 [cum
1374 4288 1602 4361 Sacramento
1632 4300 1768 4358 statuae
1792 4281 1935 4358 ethnico
1965 4310 2089 4373 mora,
2117 4290 2171 4357 et·

1164 4391 1389 4484 praedicatur
1400 4386 1459 4461 hic
1474 4392 1589 4461 cultus
1604 4404 1773 4483 tanquam
1787 4388 1965 4479 singulare
1977 4388 2152 4477 meritum,

1165 4505 1200 4563 et
1212 4492 1441 4562 confirmatur
1456 4486 1543 4562 haec
1556 4492 1735 4586 persuasio
1751 4514 1816 4583 per
1832 4490 2088 4582 indulgentias.

1512 4681 1561 4738 Vl.
1597 4682 1644 4737 De
1663 4679 1808 4747 Coniugio.

1265 4805 1361 4878 Dum
1387 4806 1587 4878 immodicis
1602 4804 1768 4877 laudibus
1784 4813 1960 4873 ornantur
1972 4816 2059 4875 vota
2074 4801 2153 4875 Mo·

226 4933 370 5009 Abusus
385 4934 563 5007 manifesti
580 4950 680 5020 rum,
704 4940 802 5031 quod
823 4940 1028 5014 discernunt
1051 4944 1114 5013 ad,
1164 4905 1380 5029 nachorum,
1410 4909 1567 5028 obrepsit
1588 4907 1732 5001 opinio,
1757 4904 1868 5032 quasi
1880 4904 2091 4997 coniugium
2110 4905 2153 4977 eit

125 5040 332 5134 plicationes
362 5036 513 5124 Missae,
556 5040 774 5128 generalem,
818 5043 1023 5131 specialem,
1066 5040 1116 5115 Et
1164 5035 1274 5104 6111111
1290 5024 1385 5083 11111
1399 5012 1613 5104 ν11111111118
1627 5007 1716 5084 1³²⁰·
2039 5048 2048 5061 ·

126 5140 219 5213 hanc
234 5141 364 5212 volunt
377 5163 450 5211 esse
464 5140 502 5210 in
528 5139 676 5210 arbitrio
692 5139 913 5228 Sacerdotis,
937 5159 977 5215 ut
999 5146 1114 5236 adpli-

1263 5141 1457 5233 Negligunt
1484 5142 1749 5213 concionatores
1773 5133 1911 5209 hortari
1940 5139 2091 5212 adultos
2110 5139 2153 5211 ad

126 5261 197 5324 cet,
229 5244 286 5312 vel
303 5242 427 5314 multis
448 5241 505 5311 vel
528 5241 667 5332 paucis,
692 5242 784 5320 vivis
807 5259 838 5315 et
864 5247 1029 5333 mortuis,
1054 5271 1112 5316 ae-
1164 5245 1385 5337 coniugium,
1414 5269 1493 5315 curn
1518 5245 1689 5335 neglectio
1711 5239 1869 5331 coniugii
1883 5241 2011 5343 multis
2023 5243 2071 5317 sit
2085 5242 2153 5314 eri·

124 5346 277 5465 qualiter
293 5345 350 5415 vel
364 5343 615 5441 inaequaliter,
640 5356 674 5416 et
698 5346 886 5421 adfirmant
900 5344 1017 5421 Deum
1032 5373 1115 5442 par·
1163 5347 1319 5460 tio,5qui
1332 5346 1500 5441 polluunt
1513 5372 1550 5419 se
1562 5345 1661 5439 vagia
1674 5344 1898 5419 lebrdrnrbus.
