4536 5754
200 222 276 295 719
761 208 1194 289 ttrtsuotntttum
1242 210 1353 293 LIB.
1384 210 1487 290 Vlll.
1541 210 1676 294 1⁵41.
2173 222 2233 301 ⁷2⁰

204 412 297 471 tores
319 390 451 477 libr'os,
493 390 557 485 qui
579 386 619 461 ¹ut
639 387 863 481 imponerent
884 384 1056 472 indoctis,
1086 384 1198 459 multa
1247 401 1300 459 est
1327 386 1434 460 nobis
1465 382 1525 460 hie
1553 388 1635 461 finis
1668 403 1872 464 nostrarum
1902 392 2232 468 commentationum

204 502 250 569 de
264 520 328 567 ,110
344 493 606 585 adscripserunt
614 491 810 584 pugnantia
825 514 907 561 curn
921 488 1117 563 autoribus.
1247 490 1467 581 propositus,
1491 505 1542 577 nt,
1556 494 1654 565 velut
1668 494 1757 564 olim
1770 498 1976 593 panegyrici
1990 500 2159 571 audiente
2170 513 2231 571 tots

252 666 259 679 ,
306 596 415 687 Quod
438 608 555 665 autem
576 618 678 686 saepe
699 594 839 686 optavi,
863 605 905 663 ut
927 593 1120 685 aliquando
1134 596 1215 661 au·'
1247 589 1398 662 Graecia
1420 594 1458 662 in
1482 594 1634 686 publicis
1659 598 1894 669 conventibus
1908 599 2170 685 recitabantur,
2190 603 2231 673 ita

203 700 346 773 potiente
364 723 422 767 seu
438 695 577 786 Regum
592 719 654 765 seu
669 696 820 765 aliorum
836 694 975 785 piorum
993 693 1200 785 Principum
1247 715 1313 763 nos
1336 696 1381 763 ad
1416 697 1687 767 ostentationem
1713 700 1936 795 eloquentiae
1970 718 2033 773 eut
2063 704 2230 775 doctrinas

202 800 389 875 corrvocati
411 799 479 867 viri
504 800 599 867 docti
623 801 668 868 de
691 798 937 867 controversiis
963 796 1130 866 omnibus
1154 794 1201 861 li·
1247 808 1385 864 nostras
1405 797 1670 869 lucubrationes
1691 802 1854 888 edamus,
1888 804 1951 872 sed
1974 806 2127 875 utilitati
2142 800 2229 877 scho-

204 908 289 977 bere
313 903 618 993 colloquerentur,
649 913 682 969 et
703 900 946 991 relinquerent
969 898 1118 988 posteris
1138 896 1198 963 fir·
1246 898 1449 969 lasticorum
1474 901 1665 985 servimus,
1696 926 1737 971 ac
1761 903 1833 985 fui,
1860 918 2035 997 quantum
2058 908 2175 999 potui,
2201 922 2229 979 et

202 1030 300 1077 unam
315 1017 349 1073 et
364 1003 582 1094 perspicuam
606 1002 823 1079 doctrinam,
847 1000 942 1069 idem
964 994 1081 1068 adhuc
1103 1010 1198 1089 opto.
1246 994 1407 1069 hortator
1422 1015 1455 1069 ct
1472 1003 1624 1085 adiutor,
1649 1015 1690 1072 ut
1704 1004 1912 1094 adiungeret
1929 1006 2101 1080 iuventus
2114 1010 2160 1078 ad
2173 1010 2228 1079 do·

203 1096 867 1187 Meassententiasfuissemodiratas,
891 1101 1198 1190 etconsiliaovpt-
1245 1100 1396 1170 ctrinam
1421 1099 1556 1173 Christi
1582 1100 1833 1195 Philosophiae
1862 1110 1999 1195 studia,
2040 1134 2119 1180 non
2146 1111 2228 1180 illius

203 1197 475 1305 ssrssoortaol*),
497 1207 550 1295 ,ad
574 1227 797 1273 communem
811 1204 1034 1272 concordiam
1060 1225 1199 1270 accom-
1244 1202 1404 1291 garrulae
1422 1218 1457 1273 et
1472 1204 1687 1289 lutulentae,
1708 1210 1769 1276 sed
1787 1209 1959 1299 purioris,
1979 1211 2149 1283 videlicet
2161 1210 2229 1281 Ma

203 1312 359 1394 madata,
375 1307 481 1377 multi
495 1319 641 1377 nomint.
669 1304 738 1375 Sed
754 1317 872 1374 tamen
885 1305 978 1373 idem
994 1298 1108 1372 nolim
1122 1326 1198 1371 am·
1244 1300 1417 1389 themata,
1438 1302 1613 1400 Physicen
1634 1322 1668 1377 et
1681 1303 1853 1396 Ethicen,
1879 1324 1914 1380 et
1928 1314 2006 1382 sine
2019 1312 2228 1407 eloquentiae
2258 1324 2262 1405 ι

203 1413 323 1503 biguis
348 1425 383 1480 et
407 1409 538 1477 fucosis
561 1407 867 1476 moderationibus
888 1407 1027 1476 restitui
1051 1427 1197 1489 errores,
1244 1407 1417 1477 exercitiis
1450 1422 1483 1476 et
1509 1409 1712 1497 linguarum
1739 1412 1941 1501 cognitione
1964 1415 2090 1485 lumen
2113 1412 2228 1485 habers
2259 1414 2262 1481 l

203 1530 239 1583 et
253 1510 454 1583 confirmari
465 1509 647 1577 saevitiam
662 1522 780 1576 nostra
791 1507 1052 1597 suffragatione.
1077 1505 1198 1596 Quae·
1244 1502 1330 1576 baec
1345 1522 1416 1577 tam
1431 1510 1617 1601 multiplex
1631 1512 1791 1581 doctrina
1809 1537 1883 1582 non
1896 1530 2024 1605 potest.
2079 1515 2228 1588 ldeore-
2259 1504 2262 1586 l

202 1630 305 1685 ratur
334 1611 521 1681 concordia
548 1609 711 1678 salutaris
731 1608 925 1693 Ecclesiae,
960 1634 1035 1677 nou
1061 1622 1103 1679 ut
1127 1608 1199 1690 ille,
1244 1622 1357 1679 tustos
1379 1610 1565 1701 scriptores
1585 1612 1771 1705 utriusque
1791 1614 1933 1705 linguae
1948 1618 2085 1687 mtrltos
2098 1642 2226 1689 enarra·
2260 1661 2262 1693 ι

202 1716 267 1811 qui
280 1714 502 1785 conditiones
516 1712 722 1803 flexiloquas
734 1706 912 1780 Antiocho
930 1711 1133 1801 scripserat,
1157 1720 1199 1777 ut
1245 1711 1379 1795 vimus,
1410 1712 1523 1781 mtrlta
1555 1714 1810 1807 decerpsimus,
1843 1740 1934 1809 quae
1958 1720 2175 1791 videbantur
2193 1722 2226 1789 ad
2254 1714 2262 1819 l

203 1817 396 1889 dimidium
412 1814 557 1883 navium
580 1813 613 1881 ei
638 1813 917 1904 relinqueretur,
941 1826 1064 1904 postea
1086 1811 1198 1880 disse·
1245 1813 1454 1881 excolendos
1470 1826 1504 1883 et
1519 1814 1732 1884 erudiendos
1748 1816 1950 1907 ingeniosos
1969 1824 2149 1912 prodesse.
2193 1818 2225 1891 ld
2258 1824 2262 1852 ¹

203 1920 271 1991 etis
303 1918 453 1987 navibus
476 1938 639 1983 acervum
660 1915 886 1983 dimidiatum
908 1914 1067 2007 reliquit.
1124 1910 1198 1981 Nec
1244 1914 1401 1983 fecissem
1423 1914 1640 2001 accuratius,
1674 1917 1704 1985 si
1730 1918 1811 2008 plus
1834 1935 1922 1991 esset
1943 1923 2020 1992 otii.
2072 1924 2223 2017 Necsnc·

202 2026 292 2093 sileo
313 2019 371 2089 vel
387 2014 616 2086 historiarum
643 2017 698 2085 vel
724 2016 816 2085 uitae
840 2015 1038 2085 communis
1054 2015 1198 2104 ignarus
1245 2016 1412 2096 censebo,
1435 2016 1465 2083 si
1482 2017 1561 2108 quis
1584 2040 1642 2101 ea,
1666 2042 1756 2111 quae
1780 2020 1973 2107 desiderat,
1999 2026 2122 2099 deesse
2144 2030 2223 2099 arhi-

202 2148 293 2206 sum,
317 2134 359 2191 ut
372 2144 447 2188 non
464 2119 624 2205 cogitem,
651 2118 711 2210 qui
725 2117 858 2186 fuerint
877 2116 990 2187 exitus
1002 2118 1197 2186 multorum
1244 2129 1359 2186 tratur
1371 2131 1515 2209 propter
1528 2118 1661 2207 ingenii
1679 2121 1749 2189 mei
1769 2123 1985 2210 tarditatem,
2014 2132 2113 2220 quod
2134 2134 2221 2201 etiam

200 2223 459 2319 praestantium
481 2221 640 2288 virorum
662 2220 702 2287 in
723 2218 1005 2289 dissensionibus
1021 2219 1197 2297 civilibus,
1245 2219 1387 2288 iniuriis
1400 2220 1563 2288 fortunae
1578 2234 1611 2290 et
1625 2222 1787 2291 aularum
1808 2212 2033 2297 debilitatum
2057 2244 2119 2305 est.
2166 2222 2222 2305 Sed

202 2339 265 2395 aaut
285 2326 324 2392 in
346 2321 504 2413 imperiis
529 2334 774 2415 tyrannorum.
821 2320 904 2392 Scio
929 2321 1101 2390 saevitum
1123 2341 1197 2388 esse
1244 2334 1363 2390 tamen
1379 2343 1435 2389 res
1448 2320 1523 2411 ipsa
1538 2322 1710 2406 ostendit,
1736 2327 1908 2417 quaedam
1923 2324 2075 2423 Physica
2092 2334 2222 2405 nitidius

203 2429 244 2495 in
259 2419 475 2515 Prophetas,
500 2422 539 2490 in
560 2424 673 2493 hlium
693 2420 780 2506 Dei,
806 2433 839 2492 et
857 2419 886 2491 A
892 2423 1064 2513 postolos;
1096 2444 1198 2511 saepe
1245 2436 1280 2492 et
1292 2416 1421 2491 Etltica
1435 2422 1598 2493 rectiusa
1614 2424 1719 2493 nobis
1733 2427 1903 2517 explicata
1919 2452 2004 2517 esse,
2031 2458 2137 2528 quarn
2151 2436 2221 2505 olim

204 2529 312 2599 etiam
327 2525 485 2615 exempla
502 2537 597 2592 extra
611 2520 803 2593 Ecclesiam
817 2524 1022 2607 considero,
1049 2517 1088 2592 Τ
1086 2516 1198 2591 hero·
1246 2525 1486 2594 tradebantur.
1544 2524 1606 2594 Me
1629 2549 1770 2619 quoque
1793 2530 1966 2620 paulatim
1987 2557 2096 2623 usus,
2126 2550 2164 2608 ut
2183 2540 2222 2622 lit,

205 2626 334 2709 menis,
354 2620 629 2707 Demosthenis,
641 2619 839 2705 Demadis,
864 2618 1076 2705 Phocionis,
1104 2612 1199 2693 Cal·
1245 2625 1387 2697 erudiit.
1437 2621 1511 2694 Diu
1531 2639 1565 2695 et
1591 2627 1781 2697 consilium
1803 2626 2016 2703 Aristotelis
2048 2652 2084 2710 et
2104 2663 2223 2710 accom-

206 2724 397 2815 lislheais,
421 2720 626 2810 Ciceronis,
651 2741 685 2795 et
703 2727 854 2795 aliorum
869 2724 1199 2810 innumerabilium,
1244 2726 1485 2796 modationem
1515 2726 1759 2799 Geometricae
1783 2734 2027 2822 proportionis
2058 2742 2103 2811 ad
2136 2742 2223 2813 iusti-

205 2834 270 2928 qui
292 2832 330 2900 in
352 2831 458 2900 bonis
479 2830 592 2899 causis
618 2829 775 2920 oppressi
797 2826 891 2902 strn't.
943 2826 1078 2898 Verum
1093 2824 1199 2897 huius
1246 2830 1331 2899 tiam
1349 2827 1611 2898 distributivam
1625 2830 1664 2897 in
1678 2830 1807 2927 queinto
1825 2828 2048 2907 Ethicorom
2068 2842 2225 2933 ignoraui,

205 2946 346 3005 nostrae
363 2932 511 3002 militiae
526 2925 593 2999 hoc
608 2932 791 3021 proprium
808 2944 858 2999 est
878 2954 1027 3014 munus,
1051 2954 1127 2999 non
1141 2954 1198 2998 so-
1246 2932 1359 2999 donec
1380 2929 1538 2999 viderem
1560 2932 1708 3001 eandem
1729 2926 1923 3006 aPlolono
1945 2940 2131 3033 aliquanto
2153 2946 2225 3015 illu-

208 3041 282 3105 lum
304 3035 480 3125 suscipere
504 3028 649 3101 honesta
675 3045 710 3101 et
732 3032 925 3101 necessaria
947 3032 1140 3101 certamina
1153 3032 1198 3098 ad
1245 3032 1353 3101 strius
1372 3031 1540 3100 traditam
1564 3032 1697 3109 esseia
1719 3034 1849 3131 quinto
1873 3032 1917 3108 de
1933 3034 2092 3133 legibus.
2139 3046 2226 3119 Solet

205 3139 390 3209 coelestem
405 3135 601 3204 doctrinam
618 3134 913 3225 patefaciendam,
935 3133 994 3202 sed
1013 3133 1118 3202 etiam
1135 3127 1200 3200 ha·
1246 3132 1342 3202 enim
1359 3125 1572 3201 Aristotcles
1586 3133 1715 3204 multas
1728 3152 1892 3210 venustas
1907 3140 2226 3231 ligurrasaPlolous
2259 3138 2262 3157 ⁴

205 3245 289 3311 here
321 3249 461 3329 paratos
492 3236 630 3305 animos
664 3236 709 3304 ad
742 3236 971 3328 perferendas
1002 3254 1200 3316 aerumnas,
1245 3233 1412 3306 mutuari.
1476 3230 1521 3303 ln
1551 3258 1592 3303 ιο
1624 3235 1703 3305 loco
1727 3232 1938 3311 Aristotelis
1969 3246 2078 3317 etiam
2111 3236 2226 3320 Graeci

208 3364 299 3437 quiae
315 3334 408 3409 hanc
422 3338 585 3407 militiam
607 3338 832 3410 comitantur.
884 3334 940 3407 Sit
960 3360 1062 3407 causa
1085 3332 1200 3405 hone·
1246 3334 1491 3405 commentarii
1505 3335 1692 3407 consilium
1709 3342 1842 3411 autoris
1853 3366 1927 3412 non
1941 3365 2143 3439 exponunt,
2163 3376 2227 3421 nott
2259 3342 2262 3429 l

206 3458 259 3513 sta
275 3454 310 3511 et
325 3440 501 3510 Ecclesiae
525 3440 737 3523 necessaria,
769 3440 882 3509 exitus
905 3462 989 3508 vero
1003 3435 1080 3507 Deo
1102 3461 1199 3508 com-
1246 3438 1371 3507 vident
1384 3460 1465 3507 eum
1487 3436 1611 3529 partiri
1630 3463 1772 3510 omnem
1793 3442 1833 3511 in
1852 3444 1925 3515 vita
1946 3452 2229 3525 communicatio-
2258 3442 2262 3539 l

207 3545 434 3613 “pendentum
1246 3562 1329 3609 nem
1345 3540 1384 3607 in
1400 3540 1473 3609 duo
1490 3560 1635 3628 genera:
1661 3540 1701 3609 in
1716 3566 1835 3614 rerum
1851 3552 2175 3643 commutationem,
2197 3555 2230 3625 in
2260 3574 2262 3617 ἑ

309 3640 407 3711 Haec
429 3666 558 3734 pauca,
590 3665 671 3710 cum
694 3641 885 3710 dicendum
910 3653 1019 3725 esset,
1045 3664 1134 3733 quos
1153 3641 1200 3708 li·
1246 3665 1316 3735 qua
1338 3642 1538 3735 quaerenda
1556 3653 1608 3711 cst
1629 3664 1765 3713 summa
1789 3647 1981 3741 aequalitas
2006 3650 2230 3729 Arithmeticr
2259 3630 2262 3719 i

207 3746 320 3819 bellos
343 3744 511 3835 probem,
544 3743 655 3812 adieci
685 3744 831 3810 demea
861 3742 1062 3826 voluntate,
1093 3764 1199 3835 quam
1246 3742 1493 3834 proportione,
1519 3755 1552 3811 et
1568 3742 1606 3810 in
1623 3745 1823 3816 societatem
1844 3774 1924 3821 cum
1946 3745 2158 3829 hominibus
2176 3784 2230 3831 seu

135 3922 139 3927 ,
209 3849 353 3943 quidem
366 3870 469 3938 spero
482 3844 605 3914 multis
618 3845 794 3932 cognitam
819 3856 854 3913 et
874 3856 1090 3934 perspectam
1115 3866 1200 3916 esse.
1248 3844 1417 3936 personis.
1466 3841 1509 3912 ln
1528 3838 1789 3933 hacsocietate,
1814 3850 1854 3918 in
1877 3852 2231 3951 legendis-magistra·

210 3950 331 4022 Altera
354 3971 435 4039 pars
468 3960 519 4017 est
547 3946 779 4035 scriptorum,
819 3969 909 4037 quae
931 3939 1201 4037 Philosophicas
1248 3946 1353 4030 tibus,
1379 3946 1418 4014 in
1433 3944 1677 4015 discernendis
1691 3950 1852 4019 omnium
1868 3948 2060 4027 hominurn
2075 3962 2230 4049 gradun

208 4052 374 4123 materias
396 4050 570 4131 continct3
605 4071 711 4141 quam
732 4048 815 4117 satis
836 4059 980 4138 apparet
995 4071 1067 4117 non
1081 4061 1201 4117 osten·
1247 4048 1412 4140 privatim
1431 4059 1466 4114 et
1478 4046 1638 4136 publice,
1665 4052 1795 4121 tuenda
1818 4060 2072 4149 estproportio
2090 4060 2231 4135 Geome-

143 4232 155 4245 .
211 4153 354 4225 tationis
374 4175 476 4221 carisa
501 4151 630 4220 editam
656 4172 738 4221 esse.
788 4148 918 4219 Nullus
940 4149 1035 4218 enim
1059 4149 1202 4217 libellus
1248 4150 1346 4220 trica.
1394 4146 1467 4217 Nec
1482 4148 1557 4216 sino
1573 4149 1695 4219 labore
1710 4152 2046 4247 diiudicavisectas,
2072 4178 2108 4235 et
2123 4178 2230 4237 osten·

138 4244 142 4251 ’
210 4271 262 4325 est
276 4256 411 4343 integer
427 4266 488 4322 aut
503 4252 695 4322 absolutus.
747 4247 903 4338 Quidam
917 4250 1023 4319 amici
1044 4248 1201 4319 exltalia
1249 4250 1287 4319 di
1301 4250 1481 4343 quomodo
1496 4249 1541 4317 ad
1557 4250 2046 4333 doctrinamEcclesiasticam
2063 4260 2232 4339 haecPhl-

210 4360 327 4426 adme
350 4356 584 4447 scripserunt,
608 4353 780 4445 quosdam
805 4353 927 4423 doctos
951 4352 1047 4421 viros
1068 4352 1203 4437 mirari,
1248 4345 1429 4443 losophica
1443 4351 1655 4421 conferenda
1674 4354 1755 4423 sint.
1786 4354 2001 4453 Quanquam
2014 4377 2135 4439 autern
2149 4370 2232 4463 aspi·

211 4482 275 4528 cur
288 4458 375 4527 tales
397 4479 507 4546 nugas
528 4454 704 4546 publicari
729 4454 852 4526 sinam.
901 4451 969 4521 llis
989 4455 1203 4544 respondere
1249 4454 1343 4523 ciens
1367 4452 1547 4522 interdum
1573 4453 1685 4526 editos
1706 4456 1848 4528 libellos
1868 4460 1944 4551 ipse
1967 4466 2086 4539 multa
2107 4472 2231 4541 desido-

210 4560 324 4640 soleo,
350 4582 424 4626 non
447 4549 758 4651 inTypographos
784 4555 923 4644 culpam
947 4555 1132 4639 derivans,
1157 4578 1202 4624 ne
1249 4580 1308 4638 ro,
1339 4568 1459 4623 tamen
1487 4554 1605 4623 minus
1640 4580 1697 4625 me
1728 4560 1886 4649 poenitet
1912 4558 2046 4637 horum
2074 4572 2230 4655 laborum,

211 4658 356 4754 quidem
375 4659 415 4727 in
438 4659 573 4746 ingenii
593 4655 888 4741 imbecillitatem,
916 4656 980 4727 etsi
1005 4652 1070 4727 hos
1091 4658 1203 4727 versi·
1250 4680 1330 4726 curm
1352 4656 1467 4744 cogito
1491 4655 1668 4726 inscitiam
1689 4672 1725 4728 et
1745 4660 1922 4749 ignaviam
1935 4670 2163 4758 superiorum
2176 4696 2230 4745 au·
2259 4734 2262 4747 .

210 4761 309 4833 culos
324 4762 369 4829 d,
384 4784 441 4829 me
456 4782 556 4851 „epe
570 4760 696 4829 recito:
1251 4780 1391 4829 norum.
1440 4754 1595 4826 Memini
1610 4782 1691 4828 cum
1703 4760 1897 4851 legeremus
1910 4780 1982 4837 una
1998 4762 2229 4871 oecolampa-
2256 4830 2260 4849 .

298 4858 424 4925 Invida
443 4874 495 4919 me
515 4860 637 4937 spotie's
657 4858 1098 4933 paracoemumenum,
1252 4855 1337 4929 dius
1359 4870 1395 4927 et
1416 4880 1479 4947 ego
1502 4855 1719 4947 Hesiodum,
1758 4888 1885 4957 meque
1910 4870 2111 4947 admodum
2131 4874 2229 4951 adhue

339 4940 486 5050 lagenis)
507 4947 596 5005 vim
615 4946 827 5023 ‘xlffl‘fflfv‘
847 4942 959 5047 dedi&
1156 5027 1165 5045 ,
1252 4960 1551 5030 adolescentulum
1570 4961 1755 5033 invasisset
1775 4966 1924 5039 mirifica
1948 4978 2127 5067 quaedam
2147 4980 2228 5073 copi-

192 5034 283 5105 ·Sed
305 5033 375 5103 aha
397 5054 501 5101 causa
525 5044 592 5115 est,
623 5054 687 5097 cur
708 5024 773 5099 has
794 5026 1018 5101 scholasticas
1041 5042 1206 5097 materias
1253 5064 1345 5132 ,mas
1359 5061 1582 5149 intelligendi
1597 5087 1678 5133 cum
1691 5078 1845 5136 caeteros
1857 5068 1955 5141 100„³
1971 5076 2019 5146 de
2032 5094 2117 5153 om,
2131 5096 2163 5153 ,t
2180 5104 2227 5151 ot·

213 5136 320 5237 agito,
340 5134 437 5229 ‘1⁰1³’
453 5134 515 5227 qui
530 5134 568 5200 ln
584 5125 713 5199 ⁸⁶h⁰ll¹
725 5143 854 5218 “gum
868 5132 1062 5201 luvenmlls
1079 5131 1206 5213 ‘ludia‘
1254 5186 1336 5233 casu
1348 5162 1546 5248 stellarum,
1571 5178 1648 5233 tum
1664 5189 1748 5237 vero
1765 5190 1823 5237 eos
1839 5172 2035 5247 versiculos
2057 5182 2098 5251 in
2120 5182 2226 5277 quihus

214 5232 280 5307 hos
298 5260 437 5306 necesse
452 5250 504 5308 cst
518 5229 581 5304 has
599 5232 855 5325 disputationes
869 5257 1081 5326 proponere.
1124 5230 1204 5302 Non
1255 5266 1322 5344 ait,
1347 5256 1617 5359 Quadraginta
1634 5260 1711 5335 dies
1727 5263 1839 5339 palm
1851 5265 2047 5366 Pleiades,
2071 5285 2224 5355 neminem

243 5396 277 5462 a)
294 5394 363 5451 pm
378 5414 442 5469 ,W
457 5394 547 5451 νῶι,
562 5392 791 5465 mmmm„
1256 5367 1363 5437 fuisse
1379 5366 1416 5434 in
1434 5390 1559 5455 magna
1582 5369 1798 5462 frequentia,
1820 5388 1963 5467 praeter
1979 5366 2096 5459 unum
2110 5382 2224 5485 Slostt·
