4522 5752
108 191 203 280 soa¹
326 240 331 248 1
664 145 1105 287 n‘arsrosanutu
1153 182 1263 263 mn.
1297 184 1398 266 vm.
1441 176 1583 271 ‘asso
2066 197 2143 281 ιο.

111 386 212 465 quae,
227 362 355 454 spiritu
368 355 614 449 Deivegetata,
638 357 797 433 invitam
812 373 1103 452 aeternamprae-
1148 379 1219 451 (1¹1⁰
1240 356 1361 429 1¹¹5ssOE
1381 362 1581 449 credam,
1613 386 1687 437 11⁰n
1718 364 1807 441 alibi
1834 386 2001 459 “Minima
2033 393 2142 464 Μ

111 470 285 543 destinata
299 476 371 549 est,
402 461 553 532 visibilis
572 473 688 531 autem
712 463 908 535 secundum
923 477 1102 538 externam
1148 454 1225 542 bic,
1257 459 1321 531 ubi
1347 461 1479 534 scilicet
1501 463 1594 554 viget
1617 488 1702 539 sana
1719 467 1904 554 doctrina,
1934 493 2039 546 verua
2057 494 2142 547 usus

110 575 209 651 illam
218 564 259 662 ¹⁵²)
276 565 539 660 professionem,
564 577 598 635 et
611 563 897 638 communionem
911 588 974 656 per
988 575 1102 634 totum
1148 559 1474 651 sacramentorum,
1513 579 1546 636 et
1576 567 1760 642 vincutum
1792 562 1991 657 emrtuos,
2022 597 2142 645 veram

110 695 284 755 ccc-earnm
308 669 432 740 orbem
453 665 601 751 diffusa,
638 664 813 756 incipiens
834 667 879 735 ah
901 662 1102 749 Ierusalem,
1146 657 1342 731 Ecclesiam
1355 663 1497 755 piorum
1512 690 1586 739 esse
1601 671 1862 764 requirendam.
1888 669 1984 743 Haec
1999 667 2143 770 enim*)

110 793 147 853 „c
167 776 252 846 inde
271 795 335 867 pcc
356 767 547 864 Apostolos
566 780 758 861 propagata
779 767 818 835 in
841 790 963 842 omnes
982 782 1102 859 gentes
1146 784 1273 854 magna
1283 766 1410 835 domus
1420 769 1689 859 promissionem
1703 767 1810 872 habet
1823 773 2024 847 infallibilis
2037 801 2142 869 prae·

110 881 198 954 Luc,
212 873 275 947 24.
302 869 380 944 Aet.
399 872 432 947 1.
456 867 563 941 Rom.
584 869 645 945 10.
1147 865 1280 934 sentiae
1293 863 1382 952 Dei,
1409 883 1443 939 et
1460 868 1615 968 Spiritus
1635 874 1764 961 sancti,
1798 899 1888 969 quae
1913 876 1961 946 ob
1984 879 2142 969 permix-

210 976 259 1048 Ec
273 990 313 1046 ue
327 973 413 1044 mali
421 967 514 1066 *et²⁰)
531 984 729 1066 peccatores
737 969 982 1041 nonsintviva
991 992 1102 1038 mem·
1146 978 1201 1036 tos
1215 967 1325 1036 malos
1340 971 1385 1037 alt
1401 995 1439 1039 ea
1461 995 1535 1040 non
1558 976 1734 1059 aufertur,
1766 976 1856 1047 sicut
1880 978 2051 1073 scriptum
2074 993 2140 1049 est:

109 1087 174 1157 bra
201 1076 400 1161 Ecclesiae,
444 1097 510 1144 nec
539 1073 583 1142 de
606 1068 763 1144 Ecclesia
796 1072 987 1143 electorum
1020 1068 1103 1157 Dei,
1146 1063 1237 1136 Ecce
1254 1092 1317 1158 ego
1333 1072 1514 1144 vobiscum
1529 1098 1606 1145 sum
1624 1077 1790 1147 omnihus
1804 1079 1945 1167 diebus,
1966 1103 2080 1177 usque
2097 1084 2142 1152 ad

107 1206 200 1280 quae
219 1193 338 1250 saneta
360 1175 613 1248 etcornmunio
636 1186 838 1249 sanctorum
851 1186 1018 1253 vocatur,
1043 1173 1102 1242 ni-
1147 1173 1485 1244 consummationem
1508 1178 1639 1263 seculi,
1663 1174 1870 1253 Marthae.
1924 1179 2033 1270 Item,
2058 1182 2142 1269 Non

49 1332 60 1341 ἡ
109 1266 310 1365 huomqnus'
331 1293 447 1351 tamen
468 1272 632 1348 chrispus
655 1273 778 1349 docuit
800 1299 884 1362 nos,
918 1298 992 1344 n0n
1015 1275 1101 1345 alibi
1145 1271 1345 1366 relinquam
1360 1300 1423 1345 vos
1438 1272 1629 1370 orphanos,
1646 1274 1840 1354 lohan.14.
1868 1279 1965 1373 Quid
1982 1285 2092 1369 enim,
2112 1285 2143 1354 si

108 1387 201 1465 hanc
216 1380 412 1459 Ecclesiam
428 1392 629 1451 sanctorum
646 1400 833 1471 quaerere,
864 1401 970 1475 quam
987 1376 1026 1450 in
1039 1376 1101 1447 illa
1147 1372 1384 1449 exciderunta
1402 1377 1471 1447 fide
1486 1381 1631 1475 quidam
1647 1382 1812 1473 illorum,
1837 1386 2002 1479 nunquid
2025 1387 2144 1456 inere-

107 1485 379 1579 congregatione
400 1503 548 1570 magna,
576 1481 616 1553 in
639 1498 708 1573 qua
728 1493 780 1549 est
792 1473 880 1548 haec
892 1502 994 1549 verae
1009 1477 1102 1565 fidei,
1147 1475 1277 1549 dulitas
1307 1476 1452 1570 illorum
1475 1481 1580 1550 fidem
1604 1479 1673 1552 Dei
1703 1485 1907 1556 evacuabit?
1940 1489 2049 1573 absit,
2090 1502 2144 1558 est

107 1588 290 1682 religionis
307 1599 342 1655 et
359 1597 656 1657 sacramentorum
676 1580 865 1674 professio,
898 1595 932 1650 et
947 1579 1103 1651 admini-
1147 1576 1242 1668 enim
1266 1575 1361 1648 Deus
1386 1606 1508 1667 verax,
1551 1584 1666 1653 omnis
1693 1598 1809 1655 autem
1838 1580 1945 1657 homo
1979 1592 2143 1664 mendax.

108 1693 243 1775 stratio,
270 1690 309 1757 in
325 1709 393 1779 qua
407 1685 569 1778 quisquis
583 1681 826 1777 permanserit,
852 1681 1102 1761 communione
1146 1674 1254 1750 Rom.
1270 1679 1306 1753 δ.
1446 1689 1449 1692 “

109 1795 272 1868 omnium
287 1791 770 1879 bonorumquorumcunque
787 1783 948 1876 piorum,
980 1784 1042 1877 qui
1058 1785 1103 1853 ab
1247 1777 1356 1849 Novit
1372 1782 1467 1850 enim
1484 1780 1581 1853 Dens
1602 1779 1695 1856 hanc
1718 1812 1881 1878 magnam
1906 1793 2051 1863 domum
2073 1794 2143 1862 mi-

108 1896 213 1971 inffio
232 1891 358 1964 mundi
370 1889 535 1977 fuerunt,
559 1886 709 1972 fruitur,
733 1909 809 1956 non
825 1885 1102 1976 praeiudicanti-
1146 1879 1428 1953 rabili-consilio
1460 1909 1684 1973 conservare,
1727 1914 1801 1960 non
1830 1893 1869 1960 in
1885 1893 2143 1987 quibuslibet,

107 2003 176 2073 buc
191 1993 341 2090 pcccatis
357 1990 501 2077 alienis,
535 1989 631 2083 quod
646 1987 849 2059 communio
865 2002 1102 2059 sacramento·
1147 1982 1266 2051 sedin
1280 1977 1323 2079 ²⁰)
1347 1985 1392 2053 iis
1414 1999 1570 2072 tantum,
1602 1989 1664 2082 qui
1684 2015 1786 2063 verae
1812 1993 1953 2086 pietatis
1977 1997 2142 2082 cultores,

108 2121 284 2177 eumcum
300 2093 404 2169 matis
419 2115 494 2167 non
508 2089 661 2162 maculet
677 2090 849 2184 aliquem,
875 2090 936 2159 sed
954 2078 1102 2159 consen·
1144 2080 1322 2155 Ecclesiae
1335 2087 1523 2175 unitatem,
1546 2090 1595 2158 'ob
1614 2094 1825 2183 permixtam
1846 2098 2022 2171 malorum
2046 2101 2143 2170 mul.

56 2189 59 2192 .
110 2182 373 2285 ..usfmommp
405 2184 566 2288 quisquis
581 2214 665 2263 γε..)
682 2193 727 2265 ab
743 2187 810 2265 hcc
822 2186 980 2263 Ecclesia
989 2214 1032 2261 se
1047 2213 1103 2261 se·
1146 2185 1335 2256 titudinem
1354 2213 1429 2258 non
1445 2191 1718 2289 deserunt,.qui
1735 2209 1770 2265 et
1785 2200 1880 2293 apud
1894 2194 2040 2273 Esaiam
2055 2202 2141 2277 reli.

108 2300 305 2398 paraverit,
328 2290 398 2369 hoc
412 2296 487 2367 solo
504 2295 649 2380 scelere,
672 2295 769 2387 quod
785 2286 952 2364 aChristi
966 2293 1118 2364 unitate·
1147 2288 1250 2382 quiae
1271 2288 1457 2377 difflsslurs
1496 2292 1535 2394 ᾗ]
1561 2293 1690 2390 quibus
1719 2300 1969 2394 Pr0ffl5⁵⁸30110⁸
1995 2327 2142 2375 muser-

108 2407 287 2477 ceiunctus
315 2411 386 2483 est,
416 2420 493 2467 non
513 2391 661 2467 habebit
676 2396 785 2465 vitam
810 2405 1008 2481 aeternam,
1041 2395 1101 2469 sed
1146 2402 1277 2459 vantur
1302 2405 1337 2460 et
1356 2393 1607 2486 adimplentur.
1670 2395 1770 2486 Nisi,
1799 2401 1934 2497 inquit,
1963 2401 2142 2479 Dominus

68 2528 71 2533 .
109 2503 247 2579 iraDei
261 2512 383 2572 manet
396 2521 502 2590 super
517 2521 610 2570 eum,
1146 2490 1346 2585 reliquisset
1362 2495 1467 2564 nobis
1488 2518 1626 2587 semen,
1652 2499 1745 2571 sicut
1767 2500 1921 2575 Sodoma
1943 2505 2026 2575 facti
2049 2531 2140 2578 esse-

114 2653 118 2657 ,
208 2601 258 2680 Et
273 2627 318 2672 nc
335 2601 414 2695 quis
429 2599 627 2683 vacillaret,
651 2593 789 2664 addidit
800 2590 963 2669 Christus
980 2594 1102 2666 certis-
1147 2615 1247 2686 mus,
1272 2606 1307 2663 et
1322 2595 1412 2665 sieut
1427 2595 1605 2668 Gomorra
1621 2599 1754 2673 similes
1767 2626 1937 2692 essemus,
1960 2602 2089 2681 Esaiae
2108 2613 2141 2685 1.

108 2712 199 2781 sima
215 2706 332 2796 signa,
365 2694 595 2796 quibushaec
615 2719 740 2786 magna
767 2696 910 2779 domus,
946 2711 1103 2792 quaeest
1145 2689 1347 2781 Etrursus,
1371 2692 1411 2768 si
1424 2700 1532 2769 fuerit
1545 2725 1715 2772 numerus
1735 2704 1891 2777 filiorum
1904 2705 2034 2796 lsraiil,
2059 2724 2142 2782 tan·

108 2808 266 2889 Ecclesia
286 2804 373 2890 Dei,
410 2803 514 2877 nobis
540 2796 786 2891 cognoscibilis
810 2799 865 2885 fit,
899 2822 989 2895 quae
1020 2813 1103 2871 sunt
1147 2820 1255 2888 quam
1268 2821 1375 2867 arena
1393 2801 1511 2882 maris,
1536 2803 1707 2897 reliquiae
1723 2807 1838 2877 salvae
1853 2810 1948 2884 fient.
1975 2806 2072 2885 Esai.
2085 2812 2141 2886 10.

109 2935 196 2989 sana
210 2908 389 2993 doctrina,
413 2916 527 2975 rectus
540 2914 838 2975 sacramentorum
855 2926 950 2987 usus,
976 2914 1010 2975 et
1021 2901 1103 2973 vin·
1146 2895 1253 2972 Rom.
1268 2898 1304 2972 9.
1343 2896 1391 2969 Et
1406 2898 1598 2993 Apostolus
1613 2906 1748 2998 inquit,
1773 2905 1833 2978 An
1848 2912 1992 2982 nescitis
2006 2912 2046 2983 in
2060 2911 2141 2985 Elia

11 3062 24 3072 ,
109 3016 231 3086 culum
245 3009 391 3081 unionis
407 3003 449 3102 ²³)
467 3020 500 3076 et
515 3005 620 3099 pacis.
644 2997 758 3094 Ephe.
777 2998 814 3075 4.
839 3000 966 3077 Roma.
986 3003 1044 3071 ta.
1111 3042 1115 3051 ·
1146 3000 1235 3092 quid
1263 3001 1349 3086 dicit
1378 3004 1577 3095 scriptura?
1616 3011 1911 3100 quemadmodum
1940 3015 2143 3107 interpellat

209 3111 311 3182 Duae
325 3099 958 3202 prioresnotaeseparantabEcclesia
975 3099 1101 3199 tum²²)
1146 3098 1263 3170 Deum
1290 3105 1458 3174 adversus
1484 3104 1602 3180 lsrael.
1667 3106 1821 3182 Domine
1843 3110 2040 3208 Prophetas
2061 3134 2142 3190 tuos

110 3213 284 3288 Ethnicos
307 3237 368 3285 seu
385 3231 554 3304 paganos,
580 3222 658 3277 tum
671 3200 880 3289 haereticos,
909 3199 1101 3277 1Corinth.
1147 3203 1368 3290 occiderunt,
1392 3220 1427 3276 et
1442 3207 1565 3279 altaria
1588 3223 1648 3280 tua
1670 3212 1913 3302 suffoderunt,
1943 3232 1978 3289 et
1997 3242 2060 3310 ego
2085 3243 2144 3290 re-

111 3316 146 3391 5.
176 3316 195 3385 1
220 3311 345 3386 lohan.
373 3312 404 3385 1.
440 3302 637 3383 lTimoth.
663 3306 696 3380 1.
729 3308 807 3376 et2
829 3303 988 3378 Timotlr.
1006 3302 1047 3402 ²³)
1065 3312 1102 3380 2.
1147 3305 1251 3375 lictus
1267 3329 1345 3374 sum
1361 3309 1475 3394 solus,
1501 3323 1536 3380 et
1549 3325 1724 3406 quaerunt
1738 3316 1892 3386 animam
1910 3343 2037 3394 meam.
2070 3320 2142 3393 Sed

111 3436 145 3492 et
166 3419 200 3492 3.
220 3419 264 3487 ad
290 3414 416 3485 Titum
438 3408 531 3502 3.²⁴)
582 3408 705 3489 Tertia
726 3421 810 3477 nota
832 3424 969 3500 separat
992 3406 1103 3479 schis-
1148 3406 1233 3506 quid
1245 3407 1336 3481 dicit
1350 3409 1404 3479 illi
1416 3410 1579 3483 divinum
1599 3418 1834 3504 responsum?
1883 3417 2030 3514 Reliqui
2051 3419 2143 3492 mihi

110 3520 256 3591 mancos
276 3530 310 3585 ct
332 3518 399 3585 cite
422 3511 740 3584 excommunicatos
774 3506 978 3583 1Corinth.
998 3505 1035 3583 6.
1061 3508 1102 3607 ¹⁸)
1147 3521 1280 3599 septem
1296 3509 1407 3583 millia
1434 3513 1614 3598 virorum,
1646 3517 1708 3608 qui
1729 3543 1804 3589 non
1827 3536 2064 3595 curvaverunt
2082 3547 2144 3615 ger

111 3635 147 3692 et
168 3624 225 3692 11·
583 3680 585 3685 ,
673 3668 679 3676 ,
1147 3612 1510 3686 nuasuaanteBaal:
1530 3613 1660 3691 Roma.
1679 3619 1737 3694 10.
1762 3619 1940 3712 &Regum
1960 3622 2018 3696 19.
2067 3624 2144 3701 Has

212 3717 269 3789 Aa
285 3714 372 3788 haee
385 3729 509 3809 quarta
526 3710 703 3784 Ecclesiae
720 3725 806 3785 nota
828 3727 899 3798 est,
932 3716 1028 3808 quod
1046 3738 1103 3784 ca·
1148 3712 1315 3806 reliquias
1331 3708 1495 3787 Christus
1508 3740 1590 3787 oves
1603 3740 1684 3793 suas
1705 3723 1876 3814 appellat,
1905 3750 1995 3819 quae
2018 3753 2144 3801 vocem

111 3819 241 3893 tholica
257 3821 303 3889 sit
323 3834 357 3890 et
371 3815 599 3900 universalis,
631 3811 700 3898 hoc
714 3828 782 3900 est,
812 3838 876 3906 per
890 3817 1010 3886 omnia
1027 3816 1104 3886 loca
1148 3815 1224 3885 eius
1238 3815 1390 3887 audiunt
1403 3831 1439 3891 et
1458 3831 1674 3912 sequuntur,
1696 3821 1739 3897 in
1759 3819 1827 3899 hoe
1851 3826 1963 3899 aDeo
1985 3830 2145 3921 pectilia

67 3994 70 3999 ,
112 3935 147 3994 et
162 3938 320 4015 tempora
330 3920 459 3993 diffusa
474 3933 508 3991 et
520 3930 709 4012 propagata
717 3940 828 4010 usque
837 3917 971 3987 infines
979 3932 1103 3992 terrae.
1148 3915 1235 3991 riter
1255 3916 1465 4003 destinatae,
1498 3945 1574 3990 non
1595 3934 1638 3995 ut
1655 3938 1754 3999 extra
1775 3950 1938 4018 nagnam
1962 3925 2054 4007 hane
2075 3933 2144 4003 do-

1148 4040 1247 4086 mum
1267 4019 1404 4109 privata
1427 4023 1660 4093 consensione
1672 4021 1723 4122 ²⁷)
1746 4050 1782 4099 se
1803 4031 1987 4121 colligant,
2016 4034 2078 4105 sed
2102 4050 2145 4106 ut

378 4174 384 4183 ,
546 4117 646 4197 vll,
1149 4119 1188 4188 in
1202 4112 1259 4187 his
1274 4143 1402 4210 magna
1418 4123 1479 4192 illa
1499 4125 1626 4194 domus
1650 4145 1895 4217 conservetur,
1919 4133 2089 4209 fulciatur
2108 4153 2145 4211 et
2167 4212 2178 4232 ,

435 4210 444 4221 ”
1149 4232 1382 4306 sustentetur,
1414 4247 1460 4293 ne
1481 4226 1587 4316 plane
1606 4251 1646 4296 ac
1670 4230 1832 4302 funditus
1853 4250 1982 4325 pereat.
2041 4237 2146 4328 Ipsae

1148 4322 1244 4391 enim
1266 4336 1350 4393 sunt
1370 4326 1497 4395 domus
1520 4327 1582 4396 illa
1608 4328 1758 4402 fundata
1785 4355 1890 4425 super
1911 4335 2072 4422 Petram,
2103 4340 2144 4409 in

1150 4447 1257 4518 quam
1280 4425 1311 4495 si
1331 4425 1469 4500 irruant
1491 4429 1613 4505 omnia
1635 4432 1799 4519 adversa,
1824 4432 2059 4511 nihilominus
2082 4440 2146 4511 fir·

1149 4550 1224 4611 ma,
1250 4527 1386 4596 stabilis
1402 4540 1435 4597 et
1452 4529 1644 4600 immobilis
1659 4535 1815 4626 persistit
1823 4532 1864 4632 u)
1882 4538 1986 4614 Mau
2005 4539 2041 4614 7.

1250 4622 1299 4698 Et
1313 4641 1353 4699 ut
1369 4623 1456 4699 haec
1477 4654 1604 4722 magna
1625 4634 1751 4706 domus
1774 4662 1847 4708 non
1873 4664 2012 4735 semper
2032 4666 2146 4741 aeque

118 4760 314 4780 ---
1149 4728 1273 4804 floreat
1286 4729 1518 4803 multitudine
1538 4734 1699 4825 piorum,
1728 4763 1794 4810 nec
1816 4744 1862 4812 sit
1886 4741 1924 4811 in
1944 4767 1983 4812 ea
2006 4767 2147 4843 semper

148 4843 193 4913 19)
208 4847 291 4899 mom
304 4861 362 4897 non
376 4843 474 4897 tatem
487 4842 555 4897 Bur.
567 4851 594 4897 et
607 4842 639 4896 E.

143 4928 193 4997 20)
212 4925 479 4997 eteseiditapadll.
496 4936 523 4981 et
538 4925 572 4979 E.
1154 4934 1359 4946 ·······-·
1460 4945 1464 4953 ’

145 5014 194 5165 {3
208 5008 598 5164 ξιΐέῖὶἰῗξᾶρῗὴἔζὲαέἑὶ
1184 5051 1434 5194 Diffiqpesgppas
1446 5055 1550 5112 vellent
1562 5060 1650 5115 omitti
1664 5062 1792 5132 verbum,
1808 5069 1935 5138 magnast*
1970 5072 2043 5127 Nota
2058 5092 2144 5147 marg.

147 5187 194 5250 23)
213 5197 240 5238 et
257 5184 275 5237 2
290 5183 414 5237 Trinoth.
434 5200 490 5234 nou
505 5179 605 5234 babent
618 5181 649 5234 B.
664 5193 690 5236 et
704 5180 736 5236 Ε.
965 5232 968 5237 ,
1184 5191 1230 5260 26)
1247 5192 1277 5244 in
1291 5191 1387 5246 „cidit
1400 5210 1415 5245 ρ
1430 5201 1502 5248 ιρχω
1514 5194 1582 5249 Mel,

140 5269 203 5340 24),
214 5275 253 5323 ad
265 5271 360 5325 Titum
374 5268 406 5336 8,
430 5268 461 5321 Β.
478 5275 504 5321 et
515 5265 546 5319 E.
561 5282 618 5320 uon
637 5267 743 5322 habeut.
883 5316 886 5325 .
1183 5275 1228 5345 27)
1247 5275 1313 5330 Boc.
1328 5284 1354 5329 et
1370 5275 1438 5331 Eclr.
1453 5285 1662 5338 consuetudine.-

143 5353 193 5414 25)
210 5354 242 5405 Β,
258 5363 284 5406 ²¹
298 5351 329 5405 E·
353 5351 499 5406 ¹Corinth.
515 5350 540 5402 ¹·
554 5348 580 5402 ⁵·
1185 5361 1230 5428 28)
1249 5360 1315 5416 Bur.
1328 5370 1355 5415 et
1370 5360 1437 5417 Eck.
1448 5366 1588 5429 perstem.
1684 5420 1691 5435 ,

470 4270 525 4334 De
545 4279 625 4330 noto
647 4264 752 4330 asarta.
838 4277 841 4283 “

213 4389 288 4461 Has
305 4403 407 4462 notas
424 4390 510 4460 dum
526 4389 566 4459 in
579 4382 646 4457 hae
663 4409 790 4476 magna
805 4388 910 4456 domo
926 4411 1105 4481 superesse

113 4495 291 4578 videmus,
322 4516 397 4563 non
412 4505 588 4574 moratur,
620 4490 716 4582 quod
731 4487 835 4558 multi
850 4488 994 4559 interim
1009 4492 1049 4561 in
1062 4515 1103 4562 ea

113 4594 185 4665 sint
205 4594 307 4678 mali,
331 4608 437 4687 atque
451 4593 557 4665 etiam
572 4591 794 4685 praesideant
809 4614 849 4661 ac
867 4592 1105 4680 dominentur,
