4522 5752
107 178 183 257 116

106 358 184 442 fnt,
209 354 271 425 sed
284 351 413 424 diserte
427 354 611 446 protestati
625 376 763 439 sumus,
789 348 859 427 boc
875 353 926 426 ita
942 355 1101 441 concedi,

106 459 138 529 si
154 458 253 527 fieret
270 456 333 525 iffa
346 457 549 527 reformatio
566 454 843 548 Episcoporum,
873 459 918 527 de
942 480 1011 553 qua
1031 483 1100 530 no-

106 560 161 631 bis
194 558 408 660 pollicentur
441 558 586 653 quidam
617 560 724 650 plane
757 584 900 629 auream
939 575 1100 636 aetatem.

106 654 395 752 adnumerand)
416 674 534 730 autem
557 663 784 731 sacramentis
797 661 1100 734 confirmationem

106 779 141 835 et
163 776 352 834 extremam
375 763 594 833 unctionem.
659 761 741 834 Scio
765 758 832 833 hoc
856 787 932 855 non
955 764 1031 835 fieri
1054 766 1100 837 ab

106 866 157 938 eis
171 863 421 958 superstitiose,
436 866 494 935 sed
510 878 549 935 ut
561 864 666 934 nobis
677 887 777 955 aegre
787 866 934 952 faciant3
961 862 1100 948 †dissi-

105 966 242 1039 mulavi
257 980 374 1036 tamen
389 980 423 1037 et
439 966 531 1051 dixi,
562 990 619 1035 me
640 968 685 1036 de
704 963 761 1038 bis
784 968 912 1038 ritibus
936 992 1010 1038 non
1032 993 1101 1061 pu-

81 1065 295 1160 'gnaturum
330 1090 414 1142 esse.
466 1067 536 1139 Sed
547 1065 564 1093 '²
593 1067 820 1160 displicebat,
862 1070 978 1163 quod,
1018 1095 1099 1141 cram

105 1184 361 1243 sacramentum
378 1170 620 1267 definivissent
636 1171 775 1260 signum
799 1171 996 1243 infallibilis
1019 1195 1099 1265 gra-

106 1275 194 1359 tiae,
223 1296 319 1344 nunc
334 1270 440 1341 etiam
453 1272 755 1342 confirmationem
772 1287 808 1344 et
821 1287 1012 1344 extremam
1030 1298 1100 1346 un-

106 1376 260 1447 ctionem
283 1387 449 1444 vocarent
471 1387 697 1446 sacramenta.
748 1372 894 1446 Dictum
918 1390 970 1446 est
994 1378 1099 1447 etiam

107 1481 152 1549 de
175 1476 342 1549 tollendis
357 1475 527 1547 abusibus
543 1476 581 1544 in
597 1472 654 1546 his
667 1472 864 1559 †duabtts''
879 1480 1099 1552 ceremoniis.

106 1579 161 1652 De
177 1577 443 1650 confirmatione
458 1578 658 1648 censuimus
669 1574 728 1673 ¹⁰),
753 1593 794 1649 ut
811 1579 1016 1650 restituatur
1030 1577 1098 1651 Ca-

72 1733 79 1751 ,
107 1677 307 1755 techismus.
358 1676 410 1749 lta
426 1674 486 1749 hic
499 1679 596 1749 focus
613 1694 663 1750 est
680 1681 899 1771 praeteritus.

99 1902 102 1907 ,
175 1895 183 1904 .
207 1826 262 1901 De
286 1826 513 1899 conversione
531 1828 645 1926 ponc’s
670 1832 708 1901 in
730 1856 838 1903 coena
864 1833 1003 1904 domini
1023 1858 1100 1905 ma-

10 1972 25 2001 ·.
107 1954 213 2023 gnam
229 1932 444 2021 tragoediam
463 1932 625 2003 excitavit
641 1928 787 2009 Eccins.
817 2011 819 2015 Α

206 2079 332 2151 Postea
349 2080 509 2174 sequitur
533 2081 720 2167 articulus,
751 2105 856 2175 quem
879 2081 948 2174 ipsi
971 2097 1100 2153 vocant

107 2177 150 2254 de
173 2175 402 2253 hierarchice
425 2175 565 2257 ordine.
622 2180 782 2253 Dissensi
804 2198 949 2277 propter
970 2185 1099 2256 multas

106 2308 238 2360 causas.
299 2283 409 2357 Liber
431 2298 482 2354 est
503 2284 773 2355 insidiosissime
795 2286 964 2378 scriptus3
1004 2299 1100 2358 etot

106 2388 257 2459 callidus
287 2388 360 2458 dux
384 2386 534 2455 diversis
560 2386 649 2456 locis
677 2386 835 2480 disponit
864 2387 1100 2474 insidiatores,

105 2514 169 2561 seu
185 2488 305 2581 potius
330 2501 370 2559 ut
392 2488 438 2558 de
459 2487 553 2581 lupis
574 2489 698 2574 audio,
733 2490 795 2582 qui
819 2490 920 2583 quasi
944 2490 1099 2563 diversas

106 2592 276 2664 stationes
304 2603 494 2682 occupant:
530 2589 580 2659 sic
609 2588 701 2661 liber
710 2585 749 2686 ¹¹)
775 2603 888 2663 astute
916 2591 1101 2663 distribuit

104 2693 260 2769 fraudes.
316 2687 436 2763 Antea
457 2691 612 2780 dixerat,
646 2688 840 2763 Ecclesiam
864 2715 938 2763 esse
960 2707 1099 2765 coetum

104 2799 334 2868 bonorumet
349 2793 543 2881 malorum;
576 2817 674 2865 nunc
689 2795 807 2865 addit:
832 2794 899 2865 sub
914 2818 989 2868 uno
1005 2794 1100 2879 †ca-

104 2899 178 2991 pite
188 2895 216 2983 ,”
246 2895 419 2968 Pontifice
442 2894 621 2972 Romano.
680 2892 796 2968 Addit
823 2895 948 2986 etiam,
986 2897 1100 2969 trodi-

105 3000 222 3071 tiones
252 2998 449 3069 necessario
478 3001 667 3070 servandas
695 3021 781 3069 esse.
835 2993 931 3089 Ergo
956 2993 1099 3094 vuft¹²),

103 3096 300 3174 Ecclesiam
324 3118 397 3170 esse
417 3100 579 3194 politiam
602 3099 728 3192 Papae.
786 3096 874 3171 Vult
896 3101 998 3187 item,
1028 3125 1099 3182 eos,

105 3203 170 3299 qui
190 3202 401 3277 traditiones
421 3226 497 3273 non
520 3216 677 3287 servant,
709 3202 851 3272 avulsos
871 3225 944 3273 esse
964 3203 1010 3273 ab
1028 3198 1100 3272 Ec-

105 3304 222 3377 clesia.
271 3301 351 3376 Hoc
366 3305 453 3400 quid
469 3304 567 3377 aliud
583 3319 651 3390 est,
673 3329 781 3399 quam
797 3328 863 3374 nos
879 3298 1101 3376 horribiliter

106 3406 301 3480 damnare?

206 3549 325 3628 Erant
345 3567 380 3629 et
401 3549 487 3626 haec
509 3566 623 3626 errata
646 3553 685 3625 in
706 3553 873 3641 articulo,
905 3548 1100 3648 Episcopus

107 3656 310 3730 successisse
324 3657 363 3725 in
377 3656 495 3726 focum
507 3652 778 3748 Apostolorums
801 3681 872 3750 quo
888 3656 982 3727 dicto
994 3657 1100 3728 multi

107 3782 245 3830 errores
259 3758 488 3828 continentur
495 3751 547 3851 ¹³).
598 3752 777 3848 Alligatur
790 3753 949 3827 Ecclesia
961 3759 1006 3828 ad
1021 3782 1101 3829 suc-

107 3860 300 3933 cessionem
316 3852 550 3944 ordinariam,
576 3859 676 3951 quasi
691 3858 910 3950 impossibile
925 3858 987 3945 sit,
1010 3856 1101 3954 Epi-

108 3985 232 4056 scopos
258 3985 397 4044 errare,
439 3960 522 4054 quia
549 3954 805 4051 Apostolorum
837 3959 915 4030 loca
947 3974 1101 4047 teneant,

107 4079 170 4137 ant
190 4063 292 4159 quasi
312 4056 352 4134 hi
374 4062 446 4132 sint
465 4059 653 4153 Episcopi,
688 4061 751 4155 qui
774 4061 822 4130 sic
844 4075 1033 4145 vocantur,
1066 4077 1101 4136 et

107 4189 247 4239 necesse
270 4166 334 4250 sit,
368 4187 428 4235 eos
451 4178 618 4257 tanquam
637 4159 812 4234 Ecclesiae
835 4164 949 4255 capita
971 4165 1100 4241 audiri.

108 4268 290 4341 Tradebat
309 4266 393 4338 item
409 4266 578 4336 articulus
594 4279 800 4356 potestatem
814 4262 1001 4358 Episcopis
1019 4291 1101 4337 mu-

107 4373 209 4442 tandi
231 4368 449 4442 ceremonias
469 4367 642 4438 divinitus
664 4367 859 4453 institutas,
894 4380 933 4467 ut
956 4392 1101 4440 excusa-

108 4485 207 4544 retur
229 4470 405 4543 mutilatio
426 4468 647 4543 sacramenti.
698 4466 865 4552 Dicebat,
895 4469 1100 4541 traditioni·

140 4816 409 4957 „pigmrm
420 4813 460 4873 sio
478 4815 556 4879 ιαὼς
572 4813 620 4869 sed
633 4814 697 4870 Pes.
708 4817 899 4873 Addiderunt.
926 4815 1003 4872 Text.
1014 4834 1101 4889 germ.

141 4982 538 5059 consummassent.
553 4984 660 5039 enam
673 4994 725 5041 aa.

141 5090 190 5155 tn
207 5085 279 5145 coa
292 5080 365 5143 osu
377 5083 421 5137 aa
433 5084 478 5139 aa
490 5085 568 5141 coer.

207 5187 296 5313 oppam
312 5183 480 5241 traditiones
495 5198 603 5240 aeeon.
614 5199 773 5241 seoo.--
785 5188 859 5254 stete]
873 5204 930 5242 non
944 5185 1025 5243 babet
1037 5191 1101 5245 eod.

242 5276 262 5313 te

138 5356 194 5433 ἢ
204 5354 298 5413 Μ
309 5362 337 5413 et
347 5354 419 5431 itone
429 5382 465 5398 -
474 5382 513 5399 -
525 5352 713 5424 omnmo]
725 5354 788 5415 eod.
797 5348 871 5411 Gali.
884 5368 943 5413 non
952 5304 1043 5415 babet.

670 174 1112 265 EPISTOLARUM
1160 183 1401 269 utnvttt.
1452 189 1590 273 esst.

2071 207 2138 293 4111

1148 357 1217 432 bus
1231 352 1399 433 humanis
1413 361 1534 435 fulciri
1551 366 1678 456 fidem,
1710 381 1747 447 et
1768 394 1829 449 eos
1848 376 1941 453 ritus
1960 403 2035 455 esse
2053 382 2141 461 bona
2181 426 2184 455 ;

1148 485 1274 555 opera,
1302 461 1340 533 id
1357 477 1407 535 est
1422 463 1550 544 cultus.
1588 466 1729 543 Tantus
1742 498 1888 551 acervus
1905 484 2140 561 eratinbrmi
2181 474 2184 479 ⁵

1140 564 1296 655 pagella.
1346 563 1549 641 Habuimus
1572 594 1656 663 ergo
1679 572 1901 653 adversandi*
1917 588 2141 663 omnam
2177 636 2181 649 ·

1149 688 1303 741 Causam·

1249 793 1381 870 Evolvi
1395 826 1453 873 me
1468 828 1510 876 ex
1525 799 1583 877 his
1596 806 1733 903 laqueis
1747 835 1823 883 non
1836 815 1916 887 sine
1931 818 2141 904 difficultate.

1147 895 1274 971 Postea
1303 899 1510 992 reprehensi
1533 920 1616 979 sunt
1636 912 1779 983 articuli
1803 916 1849 985 de
1869 921 2091 998 confessione
2110 942 2142 1003 et

1148 1002 1468 1091 satisfactionibus,
1504 1009 1550 1078 de
1580 1011 1806 1085 invocatione
1839 1034 2066 1115 sanctorum,
2100 1032 2141 1103 de

1148 1102 1384 1195 applicatione
1410 1108 1553 1196 missae,
1587 1113 1632 1181 de
1656 1114 1804 1204 privatis
1828 1121 1967 1211 missis,
2007 1128 2053 1201 de
2079 1154 2140 1205 usn

1147 1204 1255 1274 unius
1272 1207 1381 1298 partis
1396 1232 1525 1280 coenae
1542 1212 1700 1300 domini,
1733 1219 1777 1289 de
1797 1214 1977 1297 coelibatu
2000 1233 2140 1329 presby·

1148 1318 1328 1392 terorum,
1354 1308 1518 1386 devotis.
1570 1312 1754 1404 Quosdam
1775 1321 1946 1395 articulos
1967 1335 2140 1423 praeterii,
2177 1384 2182 1397 .

1148 1420 1188 1480 ut
1203 1408 1247 1478 de
1261 1408 1410 1501 picturis
1426 1412 1658 1506 templorum,
1680 1419 1725 1489 de
1740 1423 1879 1494 ossibus
1894 1445 2111 1515 sanctorum.
2180 1494 2182 1507 .

1250 1538 1346 1613 Haec
1364 1558 1416 1615 est
1436 1569 1573 1619 summa
1595 1544 1874 1653 †bistoriae”¹⁴)
1894 1564 2012 1635 nostri
2033 1570 2138 1643 collo-

1149 1641 1236 1736 quii,
1260 1667 1301 1713 ex
1316 1643 1433 1742 qua¹‘)
1449 1663 1606 1740 apparet,
1627 1677 1695 1724 nos
1708 1679 1790 1727 usos
1805 1682 1878 1730 esse
1890 1668 2135 1761 moderatione,
2180 1652 2182 1657 Ι

1149 1743 1255 1814 etiam
1278 1746 1405 1816 maiori
1428 1774 1537 1843 quam
1561 1753 1776 1828 debebamus
1796 1762 1850 1832 uti
1866 1756 1926 1858 ¹⁶),
1966 1783 2009 1841 ut
2029 1774 2135 1847 aditus

1149 1844 1247 1915 beret
1263 1846 1309 1915 ad
1330 1852 1568 1927 concordiam.
1618 1852 1865 1933 Concessimus
1885 1867 2073 1961 articulos,
2101 1876 2133 1947 in

1149 1947 1279 2040 quibus
1303 1960 1421 2020 tamen
1445 1964 1497 2023 est
1519 1955 1655 2048 aliquid
1677 1960 1916 2054 obscuritatis,
1955 1984 1991 2042 et
2014 1976 2131 2049 deinde

1149 2048 1287 2143 aliquos
1303 2052 1568 2140 praeterivimus
1583 2080 1644 2149 spe
1658 2054 1884 2153 concordiae,
1914 2074 1977 2143 sed
2000 2076 2046 2155 de
2064 2080 2133 2173 qui·
2177 2070 2182 2121 '¹

1148 2150 1298 2220 busdam
1325 2156 1520 2225 necessario
1550 2163 1781 2249 pugnandum
1809 2167 1888 2240 fuit.
1946 2170 2024 2246 Nec
2044 2194 2131 2253 muto
2178 2152 2182 2225 ἐ

1148 2274 1268 2320 meum
1293 2251 1465 2324 iudicium
1485 2257 1530 2326 de
1551 2253 1607 2330 his
1632 2263 1809 2353 articulis,
1838 2294 1928 2364 quos
1950 2275 1982 2345 si
2001 2280 2066 2373 qui
2084 2282 2133 2353 df·

1149 2348 1284 2446 cuut¹²)
1300 2377 1372 2424 esse
1390 2355 1484 2426 leves
1500 2371 1535 2429 et
1551 2363 1807 2439 condonandus
1821 2369 1994 2464 infirmis,
2020 2394 2063 2453 ut
2075 2382 2134 2477 ipsi

1148 2453 1364 2547 loquuntur,
1403 2480 1479 2528 non
1506 2462 1590 2534 satis
1611 2467 1837 2545 considerant
1858 2478 2135 2566 magnitudinem

1148 2578 1287 2641 rerum,
1327 2559 1525 2653 dequibus
1552 2564 1693 2641 dicitur.
1753 2570 1794 2644 Si
1814 2575 1981 2652 volumus
2005 2586 2136 2661 conmil

1148 2656 1320 2743 infirmis,
1346 2661 1551 2735 consulatur
1565 2667 1643 2736 sine
1659 2676 1867 2765 corruptelis
1882 2680 2083 2775 doctrinae,
2104 2702 2135 2763 et

1148 2757 1225 2828 sine
1241 2761 1535 2835 condemnatione
1553 2782 1755 2842 nostrarum
1772 2772 2026 2859 Ecclesiamm.
2049 2786 2134 2863 Nam

1149 2859 1180 2929 si
1199 2882 1259 2931 eos
1279 2861 1320 2932 in
1340 2862 1433 2939 fibro
1457 2867 1625 2940 articulos
1647 2873 1901 2967 reciperemus,
1931 2901 2052 2978 aperte
2070 2886 2137 2965 tto-

1149 2960 1271 3032 clesias
1286 2978 1426 3035 nostras
1449 2968 1707 3049 damnaremus.
1758 2976 1891 3074 stipsi
1914 3002 2000 3060 sunt
2020 2964 2138 3065 Recto

1148 3061 1199 3132 sia
1226 3076 1320 3134 recte
1341 3066 1490 3156 docens,
1521 3095 1587 3141 nos
1608 3076 1768 3149 scelerati
1793 3102 1933 3170 sumus,
1969 3092 2036 3183 qui
2056 3092 2138 3187 ipsis

1148 3186 1224 3234 non
1247 3190 1412 3257 paremus
1423 3164 1475 3264 ¹⁸).
1533 3170 1641 3263 Quod
1665 3202 1749 3248 vero
1770 3183 1875 3255 multi
1897 3187 2044 3279 dicunt,
2077 3220 2138 3288 pa·

1149 3289 1226 3336 cem
1244 3265 1458 3341 Germaniae
1480 3266 1536 3343 his
1558 3276 1858 3367 disputationibus
1875 3293 2138 3371 anteferendam

1150 3389 1241 3453 esse,
1266 3392 1342 3442 non
1357 3393 1435 3443 sum
1452 3375 1540 3446 adeo
1554 3377 1704 3467 ferreus,
1724 3395 1854 3457 utnon
1870 3413 2016 3465 movear
2025 3390 2065 3493 Ι’)
2080 3422 2138 3471 oo·

1150 3469 1319 3561 gitatione
1332 3473 1558 3564 publicorum
1577 3482 1772 3571 malorum,
1805 3512 1875 3582 qua
1895 3514 2016 3565 secum
2037 3498 2140 3587 bella,

1149 3574 1354 3663 praesertim
1370 3575 1505 3664 civilia,
1531 3575 1694 3669 trahunt,
1726 3600 1761 3658 et
1776 3590 1848 3660 scio
1867 3616 1978 3686 quare
1993 3620 2070 3670 non
2083 3624 2140 3674 so·

1149 3673 1225 3742 lum
1248 3674 1396 3768 reliquis
1415 3676 1628 3752 Germaniae
1648 3682 1875 3781 Principibus
1885 3691 1949 3791 ὀ),
1982 3703 2045 3772 sed
2065 3726 2140 3775 ma·

1148 3774 1242 3844 xime
1263 3779 1394 3848 nostris
1416 3804 1505 3871 opus
1527 3784 1572 3854 sit
1591 3808 1692 3876 pace:
1724 3793 1785 3861 sed
1806 3818 1945 3868 necesse
1968 3815 2043 3889 est,
2075 3828 2140 3877 nos

1149 3877 1317 3948 omnibus
1331 3880 1437 3950 rebus
1453 3877 1619 3956 humanis
1637 3891 1843 3964 mandatum
1868 3898 1928 3968 dei
1950 3906 2139 3979 anteferre:

1149 3970 1197 4045 Si
1209 3976 1294 4073 quis
1310 4002 1365 4049 me
1381 3982 1697 4085 consessnssoerit
1712 4014 1835 4064 coram
1850 3988 2067 4077 hominibus
2077 4022 2139 4085 etc.

1148 4073 1274 4150 Exitus
1292 4106 1375 4151 vero
1392 4090 1678 4160 commendemus
1700 4093 1785 4180 deo,
1819 4110 1853 4170 et
1873 4125 2078 4197 precemur,
2101 4125 2140 4183 ut

1149 4180 1321 4269 gubernet
1343 4181 1551 4278 Principum
1573 4207 1708 4264 mentes
1728 4198 1774 4267 ad
1793 4222 1915 4290 pacem
1937 4211 2032 4279 etad
2049 4212 2141 4285 salu·

1149 4280 1237 4352 tatia
1260 4284 1418 4360 consilia.
1475 4287 1517 4360 si
1538 4292 1619 4383 quis
1640 4309 1758 4367 autem
1787 4294 1893 4389 haec,
1930 4331 2024 4401 quae
2051 4312 2140 4399 dion,

1149 4407 1224 4454 non
1240 4386 1388 4475 probat,
1421 4410 1484 4479 ego
1508 4415 1583 4462 non
1606 4394 1779 4487 impedio,
1811 4427 1882 4496 quo
1904 4409 2028 4482 minus
2050 4414 2140 4487 dicat

1150 4508 1190 4555 ac
1205 4486 1310 4557 faciat
1324 4492 1421 4581 quod
1436 4491 1543 4562 volet:
1569 4517 1635 4566 nec
1650 4520 1713 4589 ego
1729 4501 1849 4590 velim,
1867 4530 1945 4581 mea
1960 4535 2067 4588 causa
2082 4538 2139 4588 cu·

1156 4671 1381 4687 ἡ

1185 4783 1618 4932 111Φέιέὶἱῶἓιέῗῃοὲιιᾷιτιὼἶαία
1631 4798 1696 4857 Pes.
1714 4833 1750 4851 -
1785 4804 1860 4865 Text.
1874 4828 1962 4881 germ·
1974 4816 2092 4880 ὄπωπε
2102 4824 2139 4879 to

1185 4938 1231 5003 15)
1249 4957 1288 4993 ex
1299 4946 1368 5009 quo]
1381 4947 1444 5001 cod.
1455 4946 1527 5003 Gatt.
1539 4952 1570 5005 in
1581 4969 1645 5018 qno.

1048 5091 1062 5105 ἱ
1185 5023 1230 5091 16)
1249 5042 1335 5091 quom
1347 5032 1408 5083 deb.
1423 5032 1480 5098 nti]
1498 5031 1560 5086 Pez.
1575 5052 1662 5102 quom
1674 5044 1806 5105 oportuit.

1186 5105 1229 5175 17)
1247 5110 1354 5177 douae]
1367 5111 1431 5165 cod.
1444 5110 1516 5170 Gall.
1528 5119 1645 5174 ducunt.

1187 5189 1231 5253 ts)
1250 5191 1320 5246 Cod.
1334 5192 1404 5248 Gali.
1417 5198 1579 5260 paruimus.

1188 5274 1230 5343 19)
1247 5274 1316 5332 cot.
1330 5275 1405 5332 Gatt.
1415 5298 1552 5338 moverer.

1186 5360 1232 5430 20)
1252 5360 1437 5429 Priamum]
1453 5365 1514 5422 cod.
1529 5366 1600 5425 Gall.
1611 5376 1732 5447 ρορυὶἠ,
