4522 5752
1011 1443 1200 1537 1642.

72 1706 276 1847 Q.
648 1785 651 1789 .
929 1742 964 1804 2.
986 1729 1053 1799 lon.
1128 1727 1289 1812 ducitur,
1320 1740 1356 1798 et
1379 1730 1481 1800 n'ulae
1502 1743 1588 1802 sunt
1608 1729 1798 1820 impeditae
1820 1732 1972 1828 ubique,
2007 1678 2125 1805 tamen

898 1822 1071 1858 Μ
1128 1823 1363 1902 honorificum
1382 1845 1434 1903 est
1449 1830 1604 1925 principi
1620 1826 1826 1904 Marchioni
1847 1857 1924 1905 eam
1947 1837 1992 1906 de
2014 1835 2124 1928 ipsios
2246 1844 2250 1849 '

408 1890 474 1978 Io.
500 1888 753 2006 Agricolae.
791 1963 797 1978 .
1128 1931 1259 2003 virtute
1280 1933 1487 2024 opinionem
1498 1926 1536 2028 *)
1562 1935 1657 2026 apud
1681 1934 1803 2006 doctos
1825 1947 1860 2005 et
1880 1937 1995 2008 bonos
2016 1938 2124 2025 viros,

135 2050 176 2106 rr,
192 2050 376 2124 ωιοςηριω,
399 2054 475 2125 quon
497 2055 634 2111 saturum
650 2068 691 2112 ..ι
711 2057 784 2113 libro
800 2053 952 2111 uontaeti
965 2055 1076 2112 ructus
1127 2028 1224 2126 quod
1238 2033 1353 2107 faveat
1365 2028 1525 2106 honestis
1540 2036 1681 2131 studiisc
1730 2035 1813 2108 Seio
1829 2039 1961 2110 multos
1977 2039 2124 2126 offendi,

182 2120 1076 2194 debistoriastirpium,llasil.1542.iol.inbibliothecadcads-
1127 2159 1207 2205 cum
1228 2135 1365 2231 aliquid
1390 2134 1441 2208 eis
1464 2130 1738 2233 dedicaturss)'
1769 2141 1830 2209 sed
1852 2134 1892 2209 hi
1914 2141 2149 2231 significam’f

183 2188 253 2244 miae
271 2188 413 2244 Nobilium
433 2192 481 2246 Lic
501 2192 634 2264 uirentis,
654 2193 725 2249 edita
739 2214 755 2250 a
767 2195 797 2251 8.
808 2193 843 2250 V.
854 2192 923 2249 Dav.
936 2190 1077 2264 Subolem,

180 2256 340 2333 Vratislar„
357 2258 385 2312 in
398 2259 448 2315 der
458 2209 640 2332 allgemciueu
651 2262 883 2336 Kircbcurcituug
895 2278 942 2316 no.
954 2260 998 2316 71.
1010 2278 1075 2320 ann.
1126 2260 1233 2331 quam
1249 2237 1322 2308 ilssl
1335 2239 1431 2329 aegri
1444 2239 1568 2314 lllel'ls.
1619 2234 1702 2310 Eris
1716 2239 1827 2330 lgliur
1840 2265 1906 2333 pro
1924 2256 1986 2314 itlo
2003 2245 2124 2314 dmor'e
2250 2268 2253 2275 '

87 2412 98 2424 ,
181 2326 259 2452 {tr
275 2324 909 2471 missust'ttttctstnrsttn
923 2348 1075 2455 tuce
1126 2360 1206 2454 ere
1222 2333 1371 2410 bure
1385 2342 1520 2428 eudo
1549 2366 1589 2413 π
1610 2341 1799 2435 meere
1814 2345 1973 2429 medio
1999 2338 2123 2416 hore·
2224 2432 2229 2442 .

180 2463 294 2547 ,fuson
304 2464 337 2519 ,n
352 2464 490 2546 panon.
503 2467 569 2548 gd,
586 2466 626 2525 15.
637 2470 693 2525 ιω,
707 2469 734 2524 g,
747 2488 773 2525 a.
785 2469 960 2550 ;„,11;3g„3‚
980 2468 1075 2552 suem
1124 2452 1192 2525 tor,
1213 2454 1253 2511 ut
1269 2441 1526 2514 illustrissimus
1539 2443 1704 2538 princeps
1718 2447 1892 2531 ostendat,
1911 2445 1981 2517 sibi
1993 2438 2123 2516 Fuch·

179 2551 410 2615 num-nunctum
438 2553 502 2591 cum
523 2536 594 2592 libro
614 2538 647 2592 ad
669 2537 858 2620 Marcbiouem
877 2537 997 2605 missua,
1028 2554 1074 2620 cut
1123 2537 1177 2611 μ’μ’
1195 2542 1352 2615 officium
1371 2557 1509 2636 gramm
1532 2567 1618 2620 οδω.
1674 2542 1769 2617 petit
1789 2539 1918 2634 homo,
1942 2571 2064 2619 aman,
2086 2563 2122 2621 ep

112 2673 116 2679 ·
179 2603 454 2742 {ffissffissl}
468 2612 508 2658 ‘⁸¹
527 2604 791 2662 ¹¹³²⁰M⁸¹⁸¹¹¹¹¹⁰¹¹¹⁸
808 2605 922 2678 ‘'m''
940 2605 973 2660 ’ἃ
990 2607 1072 2677 ‘⁴⁸¹¹'
1124 2644 1241 2734 operis
1256 2646 1360 2717 suiet
1374 2647 1576 2731 doctrinae,
1600 2659 1762 2739 sumptus
1777 2645 1816 2717 in
1832 2648 2020 2740 pingendis
2038 2644 2121 2720 her.

181 2814 190 2830 .
236 2813 243 2830 ,
345 2813 352 2830 ,
610 2817 617 2832 ‚
694 2814 702 2833 ‚
970 2816 1009 2833 ..
1124 2743 1209 2832 bis,
1238 2769 1325 2841 quas
1349 2772 1526 2843 nusquam
1551 2748 1628 2820 vidi
1649 2748 1777 2822 mellus
1802 2750 1932 2844 pictas,
1972 2775 2013 2823 ac
2037 2775 2120 2822 vere
2206 2745 2212 2763 ¹

73 2809 301 2887 Clursssrmo
316 2837 412 2895 vtro,
439 2824 471 2884 et
492 2839 639 2912 egregae
664 2825 793 2887 vertute
814 2825 847 2886 et
870 2813 1073 2888 erudttsone
1123 2847 1224 2933 dico,
1255 2873 1312 2919 me
1333 2850 1440 2919 talem
1463 2850 1621 2922 codicem
1635 2850 1686 2921 ,ic
1699 2866 1866 2923 „mamm
1881 2853 1973 2924 vivis
1988 2853 2120 2923 colori,
2215 2890 2219 2897 .

72 2911 262 3015 {²7⁰⁶an
286 2911 341 2992 D·
359 2911 389 2987 Ῑ
392 2910 656 3037 θῘΜΜξῘᾹέ
664 2942 684 2988 Γ
693 2914 1071 3009 ‘'⁶⁰¹⁰3151‘bl‘n5‘l
1122 2949 1189 3020 bus
1210 2948 1356 3040 triginta
1377 2952 1715 3045 aureisemptnrum
1729 2975 1814 3024 esse.
1865 2953 2119 3044 Narrabisigi-
2224 2944 2229 2967 '

466 3044 680 3096 ⁰m1005110·
1122 3064 1181 3122 tur
1204 3051 1342 3146 aliquid
1365 3052 1410 3123 de
1432 3055 1643 3149 sumptibus.
1701 3050 1948 3126 Honorificum
1972 3071 2024 3127 est
2044 3056 2119 3147 regi

75 3115 139 3230 S.
166 3154 212 3230 D.
263 3152 349 3225 Post
370 3156 492 3245 generi
507 3157 568 3230 ¹tui
590 3157 784 3230 discessum
811 3160 912 3231 venit
937 3160 983 3230 ad
1012 3183 1070 3229 me
1119 3149 1351 3247 Lysimacho,
1378 3154 1450 3224 dici
1464 3157 1510 3226 ab
1524 3180 1566 3226 eo
1582 3149 1845 3251 Lysimachiam
1859 3151 2023 3242 herbam,
2051 3152 2118 3229 ho-

72 3256 117 3336 1).
136 3252 323 3330 Nicoluus
345 3248 509 3344 Luscus,
544 3284 585 3330 ac
607 3258 730 3339 literas
753 3254 844 3330 mihi
867 3274 946 3333 tuas
968 3256 1070 3331 exhi-
1120 3254 1308 3325 nurilieum
1323 3253 1552 3341 Artemisiae,
1586 3257 1807 3327 nominatam
1824 3280 1897 3328 esse
1919 3258 2030 3351 ipsius
2053 3261 2117 3355 ad·
2222 3330 2226 3343 g

72 3357 165 3435 b'uit.
195 3357 276 3432 Etsi
289 3373 537 3450 argumentum
551 3375 626 3433 erat
639 3362 749 3447 triste,
773 3358 945 3457 quidnam
960 3363 1068 3435 scribi
1119 3356 1311 3447 pellatione
1324 3352 1484 3432 herbam.
1532 3357 1637 3429 Nunc
1652 3358 1814 3429 omnium
1838 3354 2029 3430 herbarum
2052 3362 2117 3430 ad·
2223 3402 2226 3409 ·

69 3464 110 3535 in
123 3461 233 3535 tantis
241 3459 399 3534 miseriis
412 3462 565 3554 publicis
581 3462 680 3535 aliud
694 3463 834 3556 potest?
857 3478 976 3536 tamen
991 3478 1067 3535 stu·
1117 3458 1371 3549 pellationibus
1381 3460 1525 3531 additur
1534 3453 1759 3531 Marchionis
1767 3455 1796 3528 I
1795 3454 1957 3531 onclimi
1970 3486 2115 3537 nomen.

68 3566 134 3639 dio
149 3577 185 3636 et
200 3563 449 3651 benevolentia
463 3577 524 3636 tua
538 3565 751 3651 delectabar,
767 3565 905 3660 tibique
917 3566 1066 3657 gratiam
1119 3556 1239 3650 Quare
1260 3561 1326 3632 etsi
1351 3560 1441 3649 scio,
1481 3561 1521 3632 in
1544 3555 1611 3633 hac
1641 3575 1843 3654 temporum
1872 3563 2015 3634 tristitia
2032 3556 2115 3663 m)

12 3682 40 3693 ““
67 3664 199 3740 habeo.
227 3664 468 3755 Meministi,
501 3690 608 3761 quam
628 3679 729 3739 vetus
751 3667 846 3741 inter
861 3692 928 3755 ¹nos
942 3667 1067 3738 amici·
1116 3655 1204 3732 hoec
1218 3660 1333 3734 officia
1348 3664 1468 3734 minus
1484 3687 1558 3735 esse
1572 3663 1749 3750 iucunda,
1783 3680 1902 3736 tamen
1917 3688 1957 3736 ea
1973 3680 2024 3737 est
2037 3690 2115 3737 ma·
2154 3682 2159 3689 '
2229 3668 2236 3759 }

65 3770 199 3853 finit,
226 3789 333 3861 quae,
360 3767 497 3838 etiamsi
515 3769 825 3863 magnatemporis
840 3756 992 3841 varietas
1008 3770 1066 3839 in.
1116 3763 1266 3854 gnitudo
1291 3765 1404 3836 animi
1427 3765 1468 3835 in
1489 3766 1670 3858 principe,
1706 3779 1747 3838 ut
1769 3759 1856 3838 haec
1882 3767 1978 3859 pacis
2007 3792 2114 3840 orna·
2199 3848 2206 3855 ,

65 3871 178 3955 cidit,
210 3881 329 3939 tamen
349 3890 370 3939 a
387 3894 445 3938 me
461 3870 613 3964 quadmn
629 3885 800 3964 perpetua
816 3871 1065 3943 benevolentia
1114 3880 1235 3937 menta
1250 3868 1412 3939 nondum
1428 3868 1639 3958 negligenda
1656 3880 1807 3942 censeat.
1857 3866 1956 3939 Bene
1972 3871 2061 3941 vale.
2102 3959 2105 3965 Ι

64 3983 275 4045 conservata
294 3984 356 4045 est.
407 3967 456 4043 Et
471 3972 643 4064 optarim,
666 3986 825 4046 nostram
840 3972 1066 4045 coniunctio-
1217 3971 1254 4040 2.
1271 3966 1438 4039 lanuarii.
1477 3967 1649 4039 Faustum
1665 3982 1700 4040 et
1714 3970 1876 4041 foelicem
1892 3995 2025 4041 annum
2040 3967 2112 4043 Ec·

12 4118 15 4123 -
65 4098 154 4146 nem
175 4074 340 4165 prodesse
366 4097 447 4144 cum
469 4073 596 4144 studiis
619 4087 695 4145 tum
718 4075 799 4145 aliis
820 4074 925 4146 bonis
946 4074 1063 4149 rebus.
1115 4068 1259 4154 etesiae,
1293 4069 1362 4141 fibi
1394 4083 1428 4140 el
1461 4070 1678 4163 reipublicae
1712 4085 1808 4165 091⁰·
1866 4069 1945 4162 Ego
1973 4074 2140 4143 omissis»
2182 4154 2189 4165 ,
2249 4150 2253 4163 ,

35 4172 161 4248 'Nam
177 4198 243 4244 nos
258 4175 423 4269 quidem,
455 4175 518 4269 qui
532 4175 705 4247 amicitias
721 4177 865 4247 virtutis
883 4194 989 4248 causa
1003 4201 1064 4247 ω.
1113 4169 1316 4262 principum
1347 4171 1500 4262 negotiis
1523 4172 1744 4245 iuventutem
1768 4174 1807 4242 in
1829 4172 2013 4245 literarum
2035 4188 2111 4247 stu·
2160 4172 2164 4183 '

65 4278 194 4349 leudes
211 4298 283 4347 esse
299 4276 481 4362 ducimus,
506 4279 639 4347 referre
656 4301 713 4348 eas
730 4279 775 4348 ad
789 4278 981 4350 utilitatem
996 4278 1064 4348 ali.
1114 4272 1183 4342 diis
1198 4297 1360 4357 exerceo,
1383 4273 1580 4367 profuturis
1595 4268 1773 4345 Ecclesiae
1792 4299 2005 4371 (11¹⁰ffl11q110
2020 4290 2111 4348 lem·
2220 4318 2246 4359 ·.

65 4402 176 4475 quarn
192 4377 370 4470 publicam
387 4379 567 4452 debemus.
621 4377 744 4475 ltaque
755 4382 867 4452 fretus
881 4392 917 4451 et
934 4374 1064 4451 huma·
1113 4396 1200 4466 pore
1222 4388 1257 4447 et
1278 4374 1542 4470 qualescunque
1558 4390 1665 4448 erunt
1678 4377 1891 4450 mutationes
1904 4384 2110 4470 regnorum,-

64 4482 180 4552 nitate
201 4493 262 4550 tua
286 4491 319 4549 et
342 4479 496 4550 amicitia
517 4494 657 4568 nostra,
690 4481 777 4552 duxi
797 4506 894 4554 nunc
908 4481 976 4552 tibi
992 4482 1062 4551 viri
1113 4499 1200 4570 quas
1212 4500 1333 4567 regere
1347 4479 1478 4548 nostris
1494 4477 1653 4549 consiliis
1668 4502 1742 4548 non
1757 4502 1956 4570 possumus.
2008 4478 2109 4553 Meas

64 4584 166 4655 docti
182 4594 332 4652 'causam
357 4584 676 4653 commendandam
703 4607 787 4654 esse.
845 4581 913 4654 Vir
937 4585 1062 4655 doctus
1113 4592 1230 4649 tamen
1246 4578 1440 4651 sententias
1455 4581 1562 4650 luisse
1578 4581 1796 4666 moderatas,
1822 4595 1856 4652 et
1870 4605 1986 4653 meam
2001 4599 2108 4655 natu-

61 4676 320 4757 leontardus
333 4674 542 4767 Fuchsius,
575 4678 768 4755 herbarum
788 4684 921 4770 editor,
945 4686 1061 4780 qualis
1112 4704 1188 4750 ram
1202 4675 1394 4751 abhorrere
1408 4682 1453 4751 ab
1468 4682 1662 4752 ambitione
1676 4695 1711 4753 et
1725 4682 1923 4753 ambitiosis
1939 4686 2107 4769 consiliis,
2204 4716 2210 4723 ’

64 4801 170 4859 antea
185 4809 310 4868 nemo,
341 4799 383 4854 ut
397 4785 471 4876 ipse
488 4787 644 4857 iudicare
660 4788 811 4878 poteris,
837 4788 899 4881 qui
913 4801 1060 4861 naturae
1110 4794 1234 4853 testem
1253 4796 1287 4852 te
1308 4784 1423 4853 facere
1446 4808 1520 4854 non
1540 4782 1677 4855 dubito.
1727 4781 1844 4855 Deum
1866 4809 2023 4870 oremus,
2047 4812 2106 4855 ae-

63 4889 328 4979 coguoscendoe
349 4888 466 4957 studio
487 4912 625 4981 semper
646 4889 818 4980 flagrasti,
856 4899 892 4957 et
921 4888 960 4958 in
991 4884 1060 4959 hoc
1110 4897 1252 4955 ternum
1277 4899 1413 4976 patrem
1433 4884 1635 4958 liberatoris
1657 4886 1771 4958 nostri
1794 4885 1875 4960 lesu
1891 4882 2044 4974 Christi,
2065 4902 2105 4959 ut
2163 4964 2204 4987 „¹

63 4993 144 5087 ipso
172 5011 299 5080 genere
327 4989 509 5082 doctrinae
540 5014 621 5060 cum
651 4990 826 5082 singulari
853 4991 1059 5063 dexteritate
1110 5019 1312 5039 ·---·--
1920 5021 1924 5028 ·

63 5105 226 5165 versatus
248 5111 305 5174 es,
344 5088 382 5159 id
412 5113 503 5182 opus
528 5092 668 5165 dedicat
687 5092 932 5166 illustrissimo
957 5090 1059 5163 Mar·
1143 5077 1287 5152 psoppt.
1302 5099 1372 5138 ‘³³²⁰
1434 5094 1448 5105 “

59 5183 418 5288 arnonae).
462 5188 541 5265 us
554 5191 794 5302 soresmos
808 5195 965 5268 officium
981 5195 1057 5266 ove
1177 5165 1272 5291 stc
1285 5169 1459 5309 cesset
1474 5168 1671 5306 testans
1687 5168 1925 5292 testeus
1938 5185 2105 5293 entem

68 5330 293 5349 ·-----
1177 5303 1310 5372 ptoribus.

94 5389 126 5463 ⁸)
143 5388 282 5448 loaclrimo
294 5369 337 5443 ll.=
1143 5386 1210 5459 W)
1228 5388 1415 5448 lnlclicirsimc
1429 5400 1546 5462 gesserat
1558 5389 1714 5447 loarlsimus
1725 5387 1831 5444 bellum
1844 5398 1940 5447 centn
1954 5388 2068 5449 Tuus.
