4522 5752
18 186 122 290 „coe
280 238 284 243 -
571 118 1053 291 ’ωετοωιψω
1110 170 1357 255 mavnt
1408 127 1541 251 nn.
1596 121 1622 271 -J
1998 174 2105 277 :sto
2231 286 2234 295 Ι

148 358 415 435 lca-Pannonia
430 358 536 432 'scito
569 347 727 429 trudam
758 353 914 427 exercitu
942 348 1054 441 Regis
1103 347 1229 427 hostiis
1250 349 1354 422 valde
1377 347 1467 421 caris
1487 346 1556 421 Dei
1583 349 1673 422 iram
1694 350 1865 439 lenirent,
1905 356 2100 431 offerebant

47 456 296 547 Fudinnndi
324 463 494 539 obsideri.
562 456 744 533 Dicuntur
775 455 944 529 advenire
978 477 1054 523 me
1102 458 1193 527 filios
1210 468 1245 526 et
1265 453 1367 528 filias

47 570 189 641 diocres
213 566 417 640 Turcornm
443 565 585 656 copiae,
616 576 656 631 ut
682 553 837 630 Bndam
861 556 1052 631 obsidione
1202 556 1280 629 Hos
1302 558 1441 627 furores
1462 555 1636 626 miramur
1652 555 1691 625 in
1711 551 1893 630 Ethnicis:
1920 574 1954 631 et
1968 562 2103 636 interca
2158 630 2163 639 .

48 658 216 745 liberent
227 694 230 699 ·
240 665 337 743 ἀλλὰ
351 661 500 743 τούτων
512 661 556 740 οὗ
570 661 670 759 μέλει
678 666 756 745 τοῖς
769 662 975 758 βασιλεῦσι,
991 657 1051 752 qui
1103 660 1296 753 cogitamus
1313 653 1509 729 Ecclesiam
1531 658 1607 728 sine
1625 659 1750 744 idolis,
1777 676 1811 733 et
1834 662 1910 733 sine
1923 666 2035 737 abusu
2051 667 2103 737 ri-

48 774 186 865 interea
202 770 589 847 desotiliconlessione
604 768 804 858 disputant·
830 763 956 836 Scribo
972 763 1054 832 bre-
1103 780 1204 837 tuum
1225 784 1299 833 esse
1314 772 1374 830 aut
1389 761 1508 830 luisse.
1558 757 1635 829 lmo
1657 776 1750 831 vero¹
1765 760 1914 834 ma'xima
1936 776 2016 856 pars
2031 765 2104 839 Ec-

48 877 153 959 etos,
182 876 281 972 qnod
296 874 518 954 nesciebam,
540 895 586 943 an
602 882 695 941 recta
717 871 764 939 ad
779 882 814 939 te
832 867 948 941 ituros
965 875 1055 933 esset
1104 867 1227 938 clesiae
1243 860 1274 962 ²)
1299 862 1508 956 plerumque
1528 861 1567 931 in
1585 863 1760 934 similibus
1784 867 1964 938 erroribus
1987 895 2105 942 versa-

50 978 269 1053 adolescens.
298 974 380 1048 Erit
394 972 485 1047 mihi
500 987 647 1068 propter
661 972 821 1041 dextram
837 992 928 1062 opus
936 961 1055 1037 Ther·
1104 985 1174 1043 tur.
1232 964 1276 1038 In
1295 964 1422 1051 lsrael,
1455 978 1490 1035 et
1511 977 1630 1054 postea
1643 960 1914 1039 Pharisaeorum
1935 984 2107 1066 tempore,

50 1081 133 1151 mis.
167 1078 281 1172 Spero
298 1080 407 1171 igitur
422 1103 479 1148 me
493 1079 536 1146 ad
556 1099 618 1145 vos
633 1087 823 1145 venturum
839 1096 924 1147 esse.
958 1066 1056 1138 Bene
1104 1072 1167 1143 alii
1184 1068 1316 1160 ignari,
1347 1067 1434 1160 quid
1453 1081 1631 1158 ageretur,
1664 1068 1725 1137 alii
1741 1072 1992 1162 superstitiosi,
2024 1097 2106 1146 cum

54 1183 149 1257 vale.
171 1186 230 1254 die
246 1182 329 1256 XX.
345 1181 448 1265 Mali,
472 1177 702 1251 Ratislsooae.
1106 1174 1274 1267 opinione
1287 1169 1423 1253 meriti,
1447 1192 1514 1260 pro
1528 1183 1668 1259 peccato
1685 1171 1937 1250 sacrificabant.
1971 1168 1976 1175 ⁴
1996 1175 2106 1267 Quod

578 1276 767 1372 Philippus
780 1269 956 1347 Melantlr.
1108 1302 1150 1348 eo
1175 1274 1382 1356 recitamus,
1407 1294 1452 1340 ne
1484 1270 1677 1341 multitudo
1703 1275 1897 1351 errantium
1923 1294 2107 1352 excusetur

1072 1396 1075 1401 '
1106 1390 1288 1473 praetextu
1302 1369 1410 1443 huius
1426 1373 1529 1443 dicti:
1564 1368 1736 1443 Ecclesia
1756 1398 1830 1446 non
1844 1383 1954 1453 errat.
2019 1419 2022 1429 ,

1209 1478 1268 1550 Sic
1289 1477 1329 1546 in
1343 1472 1501 1545 Ecclesia
1526 1490 1606 1567 post
1627 1474 1818 1567 Apostolos
1834 1493 1869 1550 et
1887 1480 1956 1551 luit
1982 1495 2018 1554 et
2039 1480 2106 1554 erit

1108 1604 1246 1673 semper
1260 1601 1384 1670 magna
1401 1577 1611 1663 multitudo,
1645 1602 1735 1672 quae
1761 1583 1969 1653 ceremoniis
1990 1584 2109 1656 abuti-

59 1697 131 1776 No.
146 1666 263 1773 22³8.
897 1685 952 1766 (h.
967 1685 1039 1767 ct)
1109 1700 1178 1757 tur.
1228 1681 1301 1753 Nec
1324 1680 1446 1770 negari
1465 1692 1599 1771 potest,
1633 1680 1812 1769 ingentem
1837 1685 2105 1758 multitudinem
2187 1757 2190 1761 .

66 1793 241 1827 *Ν
880 1773 1053 1807 “⁹“
1109 1783 1317 1869 terruisse
1333 1796 1367 1853 et
1383 1804 1466 1866 esse,
1481 1781 1519 1849 in
1534 1794 1608 1852 toto
1624 1782 1709 1852 orbe
1717 1779 1933 1875 Christiano,
1949 1812 2038 1882 quae
2052 1813 2109 1862 ce-

238 1909 309 1997 De
344 1914 615 1991 gwamento
645 1913 688 1986 et
722 1905 875 1987 migga,
1110 1886 1287 1959 remonias
1302 1886 1428 1954 missae
1442 1897 1587 1975 propter
1601 1887 1890 1959 consuetudinem
1907 1893 2060 1963 servavit
2075 1905 2109 1964 et

1112 2003 1245 2072 servat,
1283 2010 1399 2080 neque
1426 1986 1651 2076 intelligens,
1692 2011 1808 2081 neque
1837 1990 2004 2080 cogitans,
2021 1995 2108 2088 quid

137 2073 1062 2230 Eliiii‘hinbeciilmdbiliet'scpinii,libdptthhfltsbilsmiii„
1112 2106 1202 2183 agat.
1242 2085 1315 2159 Alii
1333 2112 1416 2158 vero
1431 2089 1526 2160 docti
1543 2104 1576 2159 et
1596 2090 1828 2178 superstitiosi
1849 2092 2111 2192 censuerunt³),

168 2227 233 2283 cod.
249 2223 361 2277 Monac.
375 2221 420 2276 66.
438 2237 464 2289 p.
481 2217 539 2272 138.
561 2247 598 2259 -
633 2215 754 2270 Perelins
769 2216 851 2269 relect
868 2215 921 2268 hoc
932 2223 1062 2283 scriptum
1114 2218 1187 2265 esse
1202 2191 1410 2262 sacrificium
1424 2214 1489 2282 pro
1505 2203 1664 2284 peccalo,
1688 2205 1730 2260 ut
1743 2186 1860 2262 adhuc
1873 2193 1958 2266 libri
1976 2200 2108 2288 praeci..

168 2295 283 2349 rdsno.
307 2292 383 2344 1541.
421 2287 504 2356 Quod
526 2285 549 2339 si
571 2284 739 2368 recusarit,
762 2284 1062 2364 hoctemporecxasa·
1114 2319 1266 2388 puomm
1320 2288 1480 2362 'rhomae
1531 2292 1628 2365 scoti
1680 2307 1714 2365 et
1735 2294 1886 2365 aliorum
1934 2312 1968 2368 et
2016 2324 2112 2371 reca-

167 2375 226 2419 tum
247 2358 414 2432 putaverim,
435 2375 492 2429 quo
509 2355 641 2408 chtssa
661 2354 855 2426 disputabatur.
901 2350 963 2412 th.
985 2361 1063 2420 epist.
1275 2346 1286 2378 ²
1490 2346 1500 2379 ³
1637 2346 1646 2378 ²
1896 2347 1906 2379 a
1990 2323 2014 2391 P
2173 2385 2180 2390 -

165 2432 300 2487 aaran.
310 2428 462 2481 stanna
477 2425 503 2480 a.
519 2424 546 2478 a.
560 2424 602 2477 21.
612 2421 689 2476 uait.
702 2454 739 2465 -
755 2419 852 2476 saara
865 2421 996 2492 seriptum
1012 2417 1062 2472 aa.
1114 2399 1230 2470 tiones
1250 2396 1287 2464 in
1303 2395 1438 2464 maiore
1453 2407 1487 2464 et
1500 2394 1639 2464 minore
1657 2418 1791 2465 canone
1805 2410 1989 2474 testantur.

164 2497 438 2559 autumnate.
454 2493 543 2551 Dect.
561 2492 638 2548 ¹5⁴8·
1216 2498 1356 2569 Interea
1396 2510 1514 2566 tamen
1553 2498 1661 2567 fuisse
1705 2497 1843 2592 aliquos
1884 2524 2024 2573 necesse
2063 2517 2114 2576 est

1117 2600 1245 2673 rectius
1269 2598 1471 2672 sentientes.
1520 2595 1569 2669 Et
1595 2599 1740 2693 quidem
1771 2614 1890 2672 extant
1915 2605 2114 2678 testimonia

64 2656 129 2733 De
143 2654 264 2728 abusu
283 2644 831 2750 multipliciSacramcntornm:
854 2640 910 2714 Et
927 2640 970 2715 dc
988 2667 1068 2714 vero
1192 2704 1199 2719 .
1347 2702 1356 2719 .
1423 2700 1432 2717 .
1726 2694 1752 2720 .,
1946 2707 1954 2724 ‚

1117 2705 1246 2774 melius
1267 2714 1507 2774 sentientium.
1572 2697 1664 2770 Cum
1695 2724 1790 2771 ennn
1820 2698 1918 2776 Deus
1942 2731 2115 2779 immensa

67 2786 139 2836 usu
162 2780 292 2832 coenae
312 2750 552 2826 Dominicae:
586 2747 640 2819 Et
661 2743 704 2818 de
729 2746 846 2817 missa
870 2741 1068 2842 Pontificio

269 2856 444 2956 mppwm
472 2847 596 2928 Phil·
628 2843 867 2922 Melanlh·
1118 2805 1359 2874 misericordia
1407 2815 1520 2874 servet
1564 2797 1757 2873 Ecclesiam
1798 2819 1834 2876 et
1878 2807 2117 2880 ministerium

1119 2903 1324 2995 Evangelii,
1354 2916 1397 2975 ut
1419 2900 1549 2996 Ephes.
1572 2901 1609 2980 4.
1642 2905 1902 2998 scriptumest,
1943 2930 2118 3004 nepror.

66 2990 217 3088 Multae
240 3023 324 3081 sunt
349 3006 387 3077 in
405 2999 665 3096 Prophetarum
688 2999 920 3072 concionibus
943 2999 1071 3072 tristis-
1120 3033 1179 3080 sus
1200 3022 1313 3079 totum
1338 3030 1448 3097 genus
1470 3003 1666 3077 humanum
1680 3022 1814 3100 pereat:
1856 3012 2009 3084 subinde
2028 3004 2119 3086 ppo.

70 3118 184 3189 ‘5¹⁰³‘
210 3109 372 3208 (luffelde
406 3110 451 3177 de
477 3104 757 3177 ⁶⁸f⁸m0¹¹l³fflffl
789 3126 852 3173 ⁸⁸1¹
882 3102 1071 3173 Sacrificio·
1121 3107 1255 3204 phetas,
1276 3110 1359 3179 inde
1374 3132 1486 3203 usque
1501 3133 1520 3180 a
1536 3105 1652 3195 Noha,
1675 3125 1709 3182 et
1725 3123 1805 3202 post
1819 3107 2010 3205 Apostolos
2026 3117 2119 3187 exci-

69 3243 153 3293 tum
168 3218 298 3299 thum,
323 3212 420 3282 unde
440 3207 591 3280 lfldlffll
606 3219 738 3299 Ρθῑθδῑ,
768 3203 935 3275 Omnibus
949 3205 1072 3275 aelafi-
1122 3213 1210 3284 tavit
1218 3210 1405 3296 Doctores,
1425 3234 1489 3303 per
1497 3235 1586 3305 quos
1600 3236 1722 3282 rursus
1738 3238 1879 3284 accensa
1895 3217 1972 3287 luce
1987 3218 2119 3288 doctri-

69 3325 165 3407 bus,
204 3318 309 3388 etiam
332 3315 373 3383 in
405 3335 446 3383 eo
470 3310 623 3405 populo,
657 3308 720 3401 qui
741 3321 794 3378 est
811 3304 969 3377 Ecclesia
995 3305 1075 3388 Dei,
1124 3338 1190 3385 nae
1223 3328 1257 3385 et
1283 3336 1366 3382 vera
1397 3313 1640 3400 invocatione,
1686 3315 1942 3410 aliquantisper
1969 3322 2120 3411 repressi

69 3428 144 3498 ¹³10
166 3418 288 3510 Vidffi
314 3417 400 3487 [alei
422 3416 565 3486 allum-‘⁵0
628 3408 761 3500 Magna
785 3433 867 3501 Pars
891 3410 930 3479 51¹
955 3407 1076 3493 lffltlfl,
1125 3429 1208 3488 sunt
1224 3438 1372 3499 encres,
1397 3415 1483 3484 alias
1499 3415 1622 3504 magis,
1647 3416 1733 3486 alias
1748 3418 1867 3489 minus
1883 3419 2098 3520 vagantcs‘).

71 3545 220 3623 prm-‘³¹¹⁸
241 3522 364 3610 idum
389 3516 476 3611 quid
500 3526 634 3604 ageret,
672 3513 825 3605 pecudes
841 3506 869 3608 ¹)
903 3511 1078 3581 mactabat
1227 3516 1281 3588 Ae
1303 3515 1533 3586 recentissimi
1553 3519 1720 3607 temporis
1746 3526 1964 3594 consuetudo
1988 3525 2027 3594 in
2048 3537 2123 3597 toto

73 3629 207 3702 usitato
222 3645 340 3706 more,
371 3620 504 3688 victum
527 3616 612 3685 inde
636 3614 825 3708 quaerens,
852 3624 895 3682 ut
914 3612 1078 3682 tibicines
1127 3620 1215 3690 orbe
1231 3614 1452 3702 Christiano,
1484 3617 1523 3688 in
1546 3618 1713 3691 omnibus
1728 3623 1868 3714 templis
1891 3640 1925 3697 et
1945 3640 2125 3697 monaste-

75 3733 118 3802 in
132 3728 219 3820 ipsis
237 3721 433 3804 sacrificiis,
460 3715 554 3789 nihil
573 3719 618 3788 de
640 3714 952 3809 promissionibus,
985 3708 1077 3784 nihil
1128 3723 1193 3793 riis
1213 3721 1466 3794 consideretur.
1515 3712 1651 3791 Omnia
1667 3723 1770 3813 plena
1785 3725 2124 3799 sueruntvenaljnm
2226 3782 2234 3791 ‚

76 3835 124 3904 de
137 3832 207 3902 fide
226 3839 262 3897 et
279 3821 596 3915 significationibus
617 3818 819 3908 cogitantes.
1130 3823 1340 3907 missarum,
1373 3817 1470 3891 hisce
1492 3822 1657 3893 trecentis
1680 3824 1801 3911 annis,
1835 3843 2020 3923 postquam
2047 3854 2126 3900 mo-

180 3926 257 4003 Alil
272 3920 740 4018 ⁸¹¹P⁰¹⁵lifi⁰⁵i⁰⁰dil³b³1¹l‚
764 3915 857 3989 hanc
871 3919 1081 3990 munificen-
1131 3918 1237 3995 nachi
1267 3922 1520 3994 continuarunt
1554 3923 1751 4015 opiniones,
1766 3927 1817 3997 de
1856 3931 2026 4002 sacrificio
2060 3956 2125 4023 pro

74 4037 164 4109 tiam
180 4029 307 4102 mereri
325 4028 568 4098 remissionem
582 4035 822 4115 peccatorum:
860 4016 943 4090 ldeo
958 4046 1083 4091 cumu-
1132 4039 1291 4120 peccato,
1313 4038 1348 4095 et
1371 4026 1415 4095 de
1428 4026 1674 4116 applicatione.
1724 4023 1773 4098 Et
1791 4030 1937 4121 plurimi
1952 4034 2126 4104 sacrifica-

77 4139 203 4210 labanl
219 4133 296 4201 sine
317 4131 437 4202 modo·
484 4124 619 4197 Natura
641 4123 736 4193 enim
751 4118 939 4192 hominum
961 4122 1081 4213 ignara
1132 4126 1881 4223 bantconscientiisvulneratisturpitudine
1891 4133 1994 4219 vitae.
2020 4133 2127 4205 Nulla

79 4239 166 4313 fidei
191 4260 254 4305 ⁸0¹1
282 4230 450 4310 fiduciae,
492 4250 599 4320 quam
624 4227 746 4297 ardere
773 4224 813 4293 in
842 4224 946 4293 nobit
966 4237 1001 4293 et
1024 4249 1083 4293 ac·
1132 4244 1250 4300 autem
1271 4241 1388 4320 potest
1407 4229 1583 4302 invocatio
1599 4231 1694 4316 fieri,
1720 4256 1800 4302 cum
1816 4235 2028 4305 conscientia
2051 4260 2129 4307 ma-

80 4341 262 4438 quiescere
278 4335 317 4404 in
334 4331 411 4404 Deo
426 4329 632 4422 oportebat,
653 4349 765 4421 prona
784 4339 838 4396 est
854 4325 898 4395 ad
915 4326 1084 4417 supersti-
1130 4346 1190 4403 net
1213 4331 1342 4405 saucia.
1412 4329 1532 4420 Quare
1562 4333 1674 4403 multa
1697 4349 1837 4425 peccata
1860 4339 2130 4425 concurrebant,

82 4445 236 4525 tionem,
267 4451 302 4507 et
324 4449 445 4506 nostra
465 4429 628 4501 exercitia
652 4446 687 4502 et
711 4429 810 4520 signa
842 4427 1008 4500 transfert
1038 4429 1080 4496 ad
1128 4434 1167 4504 in
1192 4434 1254 4502 illa
1277 4432 1463 4502 missarum
1486 4435 1727 4511 multitudine.

82 4542 178 4621 hanc
199 4537 408 4633 opinionem
432 4534 476 4605 de
497 4531 637 4605 merito.
687 4527 773 4601 Ideo
797 4530 892 4619 apud
910 4522 1084 4600 Ethnicos
1230 4532 1323 4605 Cum
1338 4528 1454 4603 autem
1471 4537 1639 4628 scriptum
1654 4537 1713 4607 sit:
1747 4530 1829 4639 Qui
1838 4535 1952 4611 sumit
1968 4535 2132 4636 indigne,

82 4670 192 4721 nemo
215 4656 308 4715 recte
328 4636 537 4710 ceremoniis
556 4634 732 4707 utebatur.
797 4629 951 4703 Plurimi
979 4631 1086 4712 enim,
1134 4660 1215 4708 rcus
1235 4635 1304 4707 erit
1323 4658 1384 4706 cor
1408 4633 1484 4709 oris
1496 4646 1528 4707 ct
1548 4637 1748 4732 sanguinis
1762 4637 1944 4731 Domini,
1971 4667 2046 4713 non
2065 4645 2134 4714 du-

84 4750 177 4823 flffl’
198 4759 368 4837 tanqum
383 4737 768 4812 l⁰d⁰⁵i⁰⁸ll¹⁰l⁰⁸⁹⁸⁸²
782 4734 964 4823 limabant·
1009 4729 1085 4804 Alfi
1117 4741 1234 4811 bium
1261 4752 1329 4825 est,
1376 4659 1492 4810 Ecum
1514 4736 1736 4811 horribiliter
1761 4740 1864 4815 irasci
1890 4745 2131 4839 profanationi

87 4852 207 4923 minut
221 4844 362 4940 profani
378 4839 625 4933 exltfimabflnl
639 4859 712 4908 0⁸⁸⁹
724 4836 860 4926 metita,
876 4848 911 4904 el
925 4829 991 4905 hac
1006 4859 1088 4927 per·
1135 4865 1265 4913 coenae
1279 4838 1438 4926 Domini,
1462 4856 1497 4912 et
1510 4843 1640 4914 multas
1652 4867 1797 4936 magnas
1812 4849 2043 4934 calamitates,
2066 4870 2135 4941 pu·
2152 4892 2158 4901 ·

88 4951 273 5032 suasione,
304 4959 344 5016 ut
367 4944 469 5013 valde
494 4942 673 5032 placarent
687 4936 826 5021 Deum,
860 4937 1089 5009 cumulabant

88 5050 279 5135 sacrificia,
310 5061 345 5118 et
369 5045 522 5117 subinde
538 5065 633 5113 nova
646 5040 891 5115 instituebant.
948 5038 1026 5111 lmo
1050 5056 1107 5123 ut

1137 5032 1345 5050 μ-

1172 5169 1203 5236 2)
1222 5169 1250 5219 in
1263 5165 1377 5218 ecclesio
1395 5160 1460 5217 cod.
1476 5161 1559 5216 Goth.
1575 5176 1601 5219 et
1615 5165 1677 5219 cod.
1693 5166 1806 5222 Monac.

1172 5253 1203 5322 8)
1221 5249 1312 5304 Penei.
1324 5256 1480 5302 censerunt.

127 5372 155 5434 1)
172 5365 304 5421 victimas
320 5359 382 5416 cod.
397 5355 480 5411 Goth.
914 5446 928 5463 ἢ
1022 5406 1044 5415 Ι,
1180 5340 1211 5407 t)
1227 5334 1325 5493 neggi
1337 5331 1426 5456 *codd

92 5244 301 5267 Μ
