4522 5752
180 236 256 317 ιιι
498 310 501 315 ,
747 218 1667 311 murmurantum1⁵41.
2022 154 2036 173 ’
2139 182 2255 307 ἰιιΞ

185 410 279 485 velle
294 430 349 497 se,
372 428 447 481 non
462 400 577 479 tenen
591 422 795 499 quenquam
807 394 867 474 his
881 398 1098 491 deliberatis,
1119 422 1186 473 nec
1230 398 1456 495 Moguntini:
1488 388 1723 477 cancellarius'
1736 394 1916 479 Palatini
1932 398 2126 489 Electorir,
2146 394 2203 473 Sr-

187 536 228 585 ea
251 510 325 583 virn
350 506 561 605 praeiudicii
582 498 735 593 habere,
764 504 826 575 sed
850 506 972 577 omnia
994 526 1118 575 rursus
1139 504 1184 575 ad
1227 505 1386 579 runicus
1409 507 1658 597 cancellatim,
1681 508 1914 581 cancellarius
1925 500 2134 593 menn,
2151 498 2206 577 lc·
2253 592 2255 621 Ι

188 610 378 711 corrsilia')
399 610 607 703 Principum
630 608 814 680 referenda
835 628 920 682 esse.
985 604 1185 677 Postulavit
1229 606 1338 683 cobus
1355 604 1547 682 Stnrmius
1562 606 1901 708 Argentinensis¹').
1999 626 2003 631 '

187 718 293 803 item,
319 726 360 787 ut
382 714 452 785 sihi
476 711 758 807 permitteretur,
781 722 900 782 utsuo
917 708 1068 794 iudicio,
1095 731 1185 802 quos
1331 708 1441 785 lnitio
1464 704 2003 805 congressusDuxFridcricus
2016 706 2209 783 rursusstl'·

186 820 315 903 vellet,
339 816 517 905 deligeret.
568 808 671 883 Nihil
692 812 789 883 enirn
812 810 946 881 mirum
960 824 1011 882 est
1021 806 1069 907 ⁴),
1093 811 1131 881 in
1148 835 1184 881 re
1228 808 1392 887 hortatur
1413 814 1585 902 delectos,
1622 830 1665 889 ut
1686 816 1827 889 sedatos
1850 838 1893 888 ac
1911 813 1996 909 pios
2017 810 2155 885 animos
2173 808 2211 883 d

189 936 286 995 tanta
312 917 501 991 dissimiles
523 934 598 985 esse
620 910 809 985 hominnm
828 913 1046 999 voluntates,
1079 912 1185 985 dissi·
1227 930 1363 988 tantam
1378 917 1670 989 deliberationem
1690 919 1871 1002 adferant,
1894 930 1934 989 et
1955 916 2212 987 dirimeretur·

187 1024 287 1095 milia
313 1020 429 1093 studia
451 1033 485 1092 et
508 1016 649 1089 iudicia.
707 1014 779 1087 Sed
802 1030 902 1087 crant
924 1014 1089 1109 quidam,
1121 1014 1184 1108 qui
1227 1019 1416 1091 troversias
1438 1021 1613 1091 studeant.
1669 1016 1816 1107 Narrat,
1844 1018 1916 1111 ipsi
1938 1014 2214 1109 imperatoritot

187 1126 234 1197 alr
259 1120 326 1195 huc
348 1133 422 1194 toto
444 1118 595 1193 consilio
621 1117 912 1189 conciliationum
935 1112 1184 1201 abhorrebant,
1229 1122 1299 1191 iam
1315 1144 1428 1193 annos
1450 1144 1526 1191 eam
1547 1146 1624 1192 rem
1646 1121 1799 1193 maxime
1822 1142 1930 1193 curae
1949 1120 2087 1205 fnisse,
2116 1138 2213 1211 euqnt

189 1240 336 1321 propter
354 1220 637 1315 magnitudinem
656 1218 814 1311 periculi.
858 1216 973 1290 Multa
990 1217 1086 1289 enim
1101 1232 1184 1289 sunt
1227 1224 1423 1294 multorum
1451 1224 1636 1294 doctorum
1662 1224 1895 1295 ettenorum
1917 1222 2127 1313 explorasse
2146 1240 2237 1288 scu·

187 1342 222 1399 et
243 1339 409 1400 veteraet
425 1322 578 1397 recentia
601 1321 777 1413 exempla,
802 1344 892 1415 quac
908 1322 1119 1406 admonent,
1144 1318 1184 1391 in
1228 1324 1368 1399 tentius.
1408 1322 1501 1395 Cum
1519 1325 1786 1419 igiturquidam
1803 1320 2041 1396 exhibuerint
2053 1318 2215 1415 ipsiscri·

187 1430 319 1501 talibus
332 1422 644 1499 conciliationibus
660 1422 857 1517 plerunque
878 1422 1020 1492 decurri
1043 1423 1088 1492 ad
1107 1444 1184 1492 am·
1228 1439 1339 1521 ptum,
1350 1428 1445 1521 quod
1461 1439 1607 1519 propter
1621 1428 1774 1498 aliorum
1788 1418 2129 1515 moderationem¹¹)
2143 1444 2216 1492 oon·

185 1532 330 1621 luipuos,
364 1528 596 1621 llexiloquos,
626 1525 765 1595 lrrcosos
791 1538 826 1597 et
847 1523 988 1595 fallaces
1003 1524 1183 1607 articulos,
1228 1523 1364 1624 siliis‘⁴)
1374 1528 1580 1599 durioribus
1594 1529 1839 1601 antetulerint:
1852 1527 1946 1597 velle
1955 1525 2214 1619 Imperatorem,

184 1634 316 1727 quibus
339 1630 469 1701 veritas
494 1626 677 1711 obruitur,
709 1638 744 1695 et
766 1650 839 1696 non
864 1639 1036 1697 sanantur
1058 1622 1184 1696 Ecclc·
1226 1644 1267 1701 ut
1288 1631 1432 1701 delectis
1453 1631 1547 1700 liber
1570 1631 1633 1700 ille
1653 1644 1889 1723 proponatur,
1916 1628 1983 1721 qui
2007 1626 2117 1723 quasi
2133 1624 2213 1696 vim

183 1736 277 1819 siae,
309 1734 371 1805 scd
392 1726 570 1821 †magis''
591 1727 819 1819 dissipantur.
871 1727 948 1797 alii
968 1740 1089 1798 contra
1109 1727 1183 1796 dis·
1226 1745 1401 1804 monstret
1424 1733 1468 1802 ad
1488 1732 1708 1802 dirimendas
1720 1730 1992 1803 controversias.
2046 1726 2212 1801 Liberat

185 1838 378 1931 putabant,
414 1828 504 1903 hanc
537 1830 629 1899 viam
655 1830 768 1917 ¹etiarn
791 1828 1013 1923 profuturam
1039 1852 1112 1899 esse
1137 1829 1183 1899 ad
1227 1829 1404 1904 exhibitus
1417 1833 1627 1928 aequissima
1644 1834 1857 1919 conditione,
1872 1846 1923 1918 ut,
1937 1854 2037 1927 qnae
2052 1853 2128 1901 non
2143 1852 2212 1923 pro-

185 1936 416 2013 cleclrramlas
437 1932 650 2016 tententiae,
682 1952 770 2025 qum
794 1926 1042 2023 profitentur⁸)
1059 1928 1183 2003 Eccle-
1226 1935 1398 2006 barentur
1417 1935 1543 2022 nobis,
1575 1935 1693 2005 dicere
1717 1935 1855 2007 liceret:
1889 1948 1926 2004 et
1946 1954 2140 2003 censuram
2161 1932 2213 2001 acl-

185 2040 280 2123 siue,
307 2062 396 2133 quac
416 2034 596 2128 amplexae
622 2046 704 2103 sunt
723 2028 965 2121 Augustanam
990 2031 1183 2103 confessio·
1226 2038 1399 2108 deremus.
1448 2033 1528 2108 Etsi
1548 2049 1665 2108 antem
1687 2037 1799 2109 tutius
1821 2035 2018 2107 videbatur
2041 2034 2211 2105 nonnullis

183 2166 283 2215 trent:
318 2138 524 2233 praesertim
550 2136 580 2206 si
599 2134 808 2207 interfuturi
833 2146 948 2203 essent
979 2134 1068 2205 boni
1102 2132 1182 2219 viri,
1227 2161 1267 2207 ex
1284 2138 1442 2224 delectis,
1466 2163 1671 2230 percurrere
1685 2135 1931 2230 Augustanam
1945 2134 2209 2207 confessionem

184 2242 247 2339 qui
272 2240 476 2335 lmperatori
500 2238 707 2321 recitarent,
732 2248 842 2307 utres
858 2249 1032 2327 posceret,
1058 2235 1179 2327 dispu-
1225 2253 1345 2310 tamen
1360 2265 1441 2311 cum
1455 2241 1516 2310 alii
1533 2241 1664 2311 librum
1678 2243 1912 2325 anteferrent,
1937 2252 1974 2310 et
1998 2236 2148 2307 incivile
2166 2236 2211 2307 ri·

183 2346 359 2419 tatiuuum
385 2362 550 2412 sirrmuas.
609 2332 658 2409 Et
683 2336 877 2430 Imperator
899 2338 1052 2419 dixerat,
1090 2337 1181 2407 velle
1226 2345 1388 2428 deretur,
1418 2341 1514 2413 nolle
1538 2342 1711 2433 inspicere
1734 2343 1904 2435 scriptum
1925 2339 2155 2432 propositum
2173 2340 2208 2411 al

182 2472 220 2517 se
237 2439 408 2539 iuquiri⁰)
432 2442 625 2513 veritatem.
676 2438 853 2511 Futurum
879 2451 996 2510 autern
1022 2440 1180 2510 animum
1226 2442 1441 2535 Imperatore
1463 2445 1541 2513 sine
1564 2444 1698 2538 iniquis
1722 2440 2013 2515 conditionibus:
2047 2440 2209 2525 convenit,

184 2544 411 2639 lmperatoris
428 2544 625 2626 mitiorem,
650 2542 681 2611 si
697 2536 908 2631 intelligerit
924 2564 998 2611 non
1022 2554 1093 2613 tam
1118 2542 1180 2611 ab·
1225 2560 1265 2616 ut
1290 2545 1381 2616 liber
1403 2546 1597 2635 legeretur,
1635 2558 1669 2617 et
1691 2547 1819 2616 ordine
1844 2541 2057 2614 dicerentur
2081 2555 2209 2615 senten·

183 2650 291 2721 sarrda
317 2668 389 2717 esre
411 2646 574 2735 dogmata
594 2656 796 2716 nostrarum
810 2638 1067 2727 Ecclesiarum,
1097 2655 1179 2713 uta
1225 2649 1307 2723 tiae.
2253 2726 2255 2735 Ι

184 2746 435 2831 Ριιιιιὶΐιιίιιιιι,
471 2740 654 2815 monachis
688 2759 723 2815 et
748 2744 827 2815 aliis
858 2738 1084 2839 sycophantia
1107 2757 1179 2815 tra·
1328 2746 1433 2819 lnitia
1458 2771 1532 2818 non
1554 2742 1734 2817 habebant
1759 2744 2040 2828 controversias,
2071 2746 2210 2817 decon-

183 2844 414 2945 dueuutur’).
448 2846 638 2919 clcldelmut
651 2846 747 2931 item,
766 2845 796 2915 si
810 2846 978 2939 colloquii
994 2840 1100 2917 huius
1116 2846 1180 2915 de·
1224 2851 1360 2922 ditione
1385 2847 1560 2935 hominis,
1585 2849 1763 2940 delapsu,
1786 2848 1962 2917 delibero
1979 2846 2152 2932 arbitrio,
2173 2848 2212 2915 de

185 2954 334 3024 liberata
361 2952 578 3021 referrentur
591 2950 635 3017 acl
651 2946 832 3039 Principes
847 2948 1038 3042 quosdam,
1064 2948 1180 3018 dictu·
1224 2977 1343 3023 caussa
1369 2951 1519 3043 peccati,
1552 2952 1596 3021 de
1617 2951 1705 3020 vitio
1729 2948 1890 3038 originis.
1951 2946 2011 3019 De
2043 2942 2104 3019 bis
2133 2948 2211 3017 locis

183 3080 243 3127 ros
260 3048 370 3145 esse“)
386 3052 515 3121 lilmrns
531 3063 566 3121 et
579 3044 744 3121 honestas
758 3048 962 3125 sententias.
1224 3068 1308 3124 tunc
1325 3056 1470 3147 quidem
1487 3052 1583 3121 rixae
1595 3052 1716 3123 nullae
1729 3051 1884 3122 fuerunt.
1929 3047 2088 3121 Secutus
2099 3064 2150 3119 est
2162 3048 2213 3118 lo-

287 3154 449 3227 'l'amlcm
466 3151 575 3243 igitur
588 3176 629 3221 eo
645 3152 860 3222 decurritur:
884 3146 1179 3221 assentimurlm-
1224 3180 1284 3225 cus
1300 3158 1342 3225 de
1363 3153 1648 3225 reconciliatione
1671 3147 1845 3237 hominis,
1878 3173 1941 3219 seu
1957 3147 2076 3239 j†de”
2097 3150 2217 3220 iustifi-

182 3258 355 3353 peraturi,
388 3268 430 3329 ιιι
462 3250 530 3325 hoc
560 3254 639 3325 loco
655 3248 686 3347 ⁰)
711 3253 931 3346 colloquium
957 3250 1177 3322 instituatur:
1224 3259 1382 3342 catione,
1407 3260 1451 3327 de
1465 3280 1536 3348 quo
1553 3257 1692 3343 farrago
1706 3254 1766 3322 illa
1783 3253 1901 3321 neutri
1914 3252 2013 3343 parti
2029 3252 2215 3322 satisfacie-

183 3360 245 3429 ιιι]
263 3360 330 3444 ita,
356 3372 396 3429 ut
405 3354 447 3447 ¹⁰)
464 3380 509 3427 ne
521 3356 722 3427 condantur
734 3354 916 3449 flexiloqui
932 3351 1094 3437 articuli,
1117 3355 1177 3423 sed
1225 3361 1304 3442 bat,
1331 3373 1364 3427 et
1379 3359 1462 3451 quia
1481 3380 1589 3426 novas
1605 3355 1774 3450 quasdam
1789 3355 1983 3422 sententias
1999 3354 2215 3439 continebat,

184 3474 225 3533 nt
248 3460 396 3555 sirarplex
419 3459 548 3529 raritas
569 3460 720 3551 patefiat.
769 3454 818 3528 Et
833 3469 978 3527 testatus
993 3466 1044 3524 est
1060 3450 1179 3545 lmpc-
1223 3474 1257 3531 et
1273 3458 1430 3554 †qu0d”
1446 3459 1613 3552 pleraque
1637 3469 1740 3526 erant
1761 3456 1929 3538 obscura,
1961 3455 2165 3547 impropria
2185 3468 2217 3527 et

183 3575 299 3647 rntcrr,
340 3560 431 3629 rellr
454 3582 489 3629 se
514 3558 649 3653 inquiri
671 3558 871 3629 veritatem:
911 3580 952 3627 ac
980 3556 1019 3625 iu
1041 3556 1179 3626 delectu
1224 3562 1427 3656 llexiloqua:
1469 3574 1508 3630 ut
1532 3560 1619 3628 alias
1638 3558 1819 3627 videretur
1841 3570 1935 3625 recte
1955 3555 2100 3644 dicere,
2134 3554 2220 3627 Fulr

183 3686 269 3733 ιιιιιιι
286 3676 337 3733 est
354 3656 419 3731 hac
435 3660 618 3753 aequitate.
669 3654 724 3728 Ex
737 3657 935 3729 Pontificiis
955 3671 1025 3726 tres
1039 3657 1178 3747 delegit,
1222 3679 1367 3754 propter
1382 3658 1561 3734 Christum
1587 3659 1671 3730 insti
1690 3681 1826 3729 sumus:
1852 3657 1941 3726 alias
1961 3671 2113 3738 contra,
2137 3680 2218 3750 pro-

183 3760 349 3846 lufium,
379 3758 551 3847 liaciauu,
585 3776 619 3832 et
642 3752 883 3855 Gropperum.
940 3755 1008 3826 His
1040 3758 1178 3827 addidit
1224 3778 1301 3855 pter
1323 3767 1471 3833 donatas
1499 3762 1647 3830 rirtutes
1674 3782 1795 3830 sumus
1826 3757 1927 3829 iusti:
1970 3772 2015 3829 ut
2039 3754 2217 3839 Thomas,

182 3866 349 3939 exaltem
367 3876 465 3957 parte
481 3862 627 3949 †tres'',
654 3854 891 3958 Philippum,
915 3853 1116 3939 Beretum,
1143 3872 1178 3928 et
1222 3889 1284 3934 seu
1301 3878 1341 3934 ut
1357 3864 1457 3935 Plato
1472 3864 1641 3955 loquitur.

186 3962 380 4039 hidaruum
395 3972 593 4065 perstarem.
651 3960 806 4034 Petitum
830 3976 900 4047 est,
932 3974 974 4031 ut
1002 3961 1178 4031 addantur
1322 3965 1483 4058 Seposito
1509 3963 1617 4054 igitur
1640 3963 1751 4047 libro,
1792 3962 1838 4030 dc
1865 3983 2006 4029 summa
2028 3962 2089 4033 rei
2112 3962 2217 4033 libere

183 4060 1178 4163 llrimipesceu¹¹)gaalrcrnatorcscolloquii,etaliquiau·
1221 4067 1439 4158 disputatum
1466 4080 1534 4136 est:
1572 4078 1606 4133 et
1631 4065 1773 4134 tandem
1799 4063 1844 4130 ad
1866 4062 2066 4131 formulam
2096 4066 2216 4135 decur-

182 4174 316 4243 ditorcs
331 4164 439 4264 cetr'¹)
456 4182 576 4254 testes,
601 4181 641 4239 nt
663 4180 739 4237 acta
754 4190 835 4237 cum
849 4163 1078 4257 Imperatori,
1100 4178 1176 4234 tum
1221 4164 1365 4264 sum¹⁸),
1399 4171 1438 4237 in
1459 4192 1530 4260 qua
1548 4179 1685 4257 recepta
1708 4178 1743 4234 et
1766 4161 1935 4254 explicata
1959 4165 2147 4236 sententia
2162 4178 2218 4253 est,

181 4274 262 4343 aliis
284 4272 506 4365 primipilms
529 4270 669 4339 fulelius
685 4268 824 4337 recitari
843 4268 989 4359 possint.
1041 4262 1176 4335 Delecti
1199 4270 1309 4363 'Fide
1331 4283 1476 4363 propter
1500 4263 1682 4338 Christum
1699 4261 1824 4358 gratis
1848 4262 2110 4351 iustificamnr,
2149 4290 2231 4337 non*

181 4388 262 4445 sum
295 4376 566 4463 perlacrnatores,
604 4370 686 4442 Dm
716 4362 952 4453 Friairricus,
984 4365 1178 4449 Palatinus,
1199 4366 1204 4461 l
1224 4387 1366 4463 propter
1389 4372 1536 4439 virtutes
1558 4381 1707 4439 nostras,
1756 4362 1848 4434 Cum
1870 4365 1916 4432 de
1939 4358 2010 4434 hoc
2035 4364 2123 4437 1000
2136 4393 2217 4439 con-

184 4488 216 4545 et
242 4468 481 4545 firunrcllus.
546 4470 717 4543 Atliuucti
741 4472 941 4551 auditores,
977 4460 1108 4539 Comes
1134 4461 1178 4534 dc
1198 4470 1204 4563 ἰ
1223 4474 1391 4557 venisset,
1418 4470 1534 4540 redire
1548 4471 1592 4538 ad
1608 4468 1743 4538 librum
1757 4463 1843 4534 iussi
1857 4486 1994 4539 sumus.

181 4569 467 4649 Monetam-teu
477 4626 486 4655 ,
515 4564 764 4643 Ederhcrrdns
779 4566 928 4657 Ilerda,
954 4570 1177 4641 consiliarius
1199 4582 1205 4643 t
1321 4574 1448 4645 Lectus
1464 4584 1516 4641 est
1530 4571 1628 4640 locus
1641 4589 1790 4661 sequens
1801 4567 1847 4636 dc
1861 4560 2050 4638 Ecclesia.
2094 4568 2220 4649 ⁴filli?

184 4710 411 4729 ··············
1198 4652 1206 4841 ἰ
1223 4692 1262 4749 ιιι
1276 4677 1414 4747 facilius
1427 4671 1581 4742 obtineri
1596 4668 1777 4763 sequentia
1791 4682 1946 4759 possent,
1968 4668 2220 4741 insidioseatl·

213 4766 246 4915 3
262 4762 638 4905 mzuxlpuffllhffi
651 4846 735 4901 ‘dm'
752 4864 811 4903 Μ
1222 4783 1296 4849 dita
1318 4791 1371 4848 est
1393 4770 1622 4869 hypothesis,
1649 4786 1871 4840 communem
1893 4792 2118 4843 consensum
2131 4774 2217 4853 †cn·

214 4936 431 5059 ‘'timmw
445 4932 526 4991 cedd.
538 4952 589 5005 pru
599 4934 816 5007 reniterentur,
835 4932 912 5004 qnod
930 4932 1030 4986 liabent
1042 4930 1137 4991 ilani}
1150 4936 1177 4981 ct
1200 4960 1204 4971 ·
1230 4962 1433 4980 ..............

214 5090 245 5155 fl
266 5088 354 5143 tmnt.
366 5090 516 5153 teput-ere.
634 5086 668 5157 i)
684 5084 755 5143 cet.
770 5086 836 5143 ttae.
845 5088 1037 5155 ntes-lewes·
1259 5090 1302 5157 ti)
1318 5085 1388 5139 cat.
1399 5085 1465 5138 nav.
1479 5079 1571 5135 statu
1596 5075 1776 5157 „taurus
1790 5082 2022 5155 eccm
2045 5082 2220 5139 ω..

213 5176 244 5227 aa
261 5170 315 5227 fro
328 5170 485 5227 essel‘ruc.
499 5170 630 5225 mendose
641 5187 700 5226 eos.
1288 5147 1580 5215 neutrarum·
1596 5145 1779 5201 artesano
1790 5144 1896 5197 tenne

214 5258 245 5320 9)
264 5256 320 5311 tus
333 5260 394 5311 trae
404 5254 469 5313 coel·
484 5254 548 5311 liar.
561 5260 719 5325 mlius.
1257 5240 1300 5309 ll)
1323 5236 1412 5293 ttnl.
1425 5254 1475 5308 pm
1488 5232 1709 5287 wrotham
1720 5228 1800 5283 luhet
1815 5228 1922 5299 signum
1935 5228 1956 5267 ⁸

218 5344 262 5405 tn)
280 5352 311 5395 ιιι
324 5360 381 5399 ιιι.
391 5338 493 5407 tene..
509 5344 595 5395 ιιιιιι
608 5340 802 5400 emcndlln.
1199 5358 1206 5449 Ι
1257 5332 1302 5395 ts)
1320 5324 1410 5425 blant
1423 5320 1572 5377 matu:
1590 5316 1722 5369 mettis.

210 5428 257 5487 m
274 5424 361 5485 Mani
376 5426 505 5503 etl’snc.
518 5444 573 5487 scu
586 5446 640 5505 pro
650 5446 712 5489 m.
1258 5416 1303 5485 tu
1319 5410 1369 5469 stc
1379 5406 1464 5467 cotltl.
1476 5418 1699 5479 precem,
1716 5397 1791 5469 qnod
1805 5396 1890 5451 hl
1901 5406 1929 5451 et
1943 5394 2030 5455 Ρειι
2046 5404 2188 5459 exbibet
