4522 5752
106 198 182 273 907
688 192 1125 279 EPISTOLARUM
1180 202 1288 287 utu
1316 204 1383 288 IX.-
1437 206 1573 295 1641.

107 366 303 442 Ecclesiam
329 364 542 439 turbandam
568 390 641 438 esse
663 370 854 447 duxerunt.
912 370 1014 444 Talis
1036 372 1105 445 fuit
1183 402 1219 453 ο.
1239 375 1357 457 2586.
1395 388 1400 395 '
1691 390 1695 397 ·
1777 393 1783 405 ·
1826 394 1832 407 ·
2035 400 2058 469 4

110 462 338 565 utendam),
371 493 476 563 quem
499 468 578 539 istic
601 484 715 541 tacere
737 473 899 548 iussistis.
957 472 1105 546 Succes-
1161 474 1335 507 Μ
2032 492 2151 523 m

1464 564 1570 657 Vita
1604 568 1847 661 mendara.

112 574 185 644 suri
201 571 442 691 candidiorem
458 571 616 696 animum
634 589 729 665 opto.
776 573 871 701 liam
893 571 990 698 httnq
1015 603 1105 711 qpp-

109 702 179 770 qm
196 688 348 745 mutasse
362 678 504 744 vedetur
523 670 690 768 οέρίζων
705 702 789 771 περι
807 673 1029 771 ἐνδείεχαας
1080 676 1105 771 i
1207 744 1478 890 Ἦιῗένόἦ
1494 747 1663 825 mm·-
1678 748 2009 831 mmmmm„
2022 762 2147 823 mm

109 778 205 848 Haec
220 778 448 867 significanda
462 775 528 847 tibi
543 800 616 847 esse
634 779 731 851 drrxi.
777 776 870 849 Nam
885 781 1024 852 etiamsi
1042 795 1106 861 cst,

110 896 148 951 ut
167 880 347 958 volumus,
370 892 487 949 tamen
502 879 590 949 utile
613 895 664 950 est
689 894 911 973 praeceptum
929 878 1107 953 Archida-

109 983 159 1051 mi
177 983 270 1074 apud
289 976 558 1077 Thucydidem,
582 976 666 1077 arpi
682 977 821 1063 παντὸς
841 980 992 1077 ποιητέα
1012 979 1106 1055 εἶναι
1152 968 1210 1045 D·
1230 968 1272 1045 V
1277 973 1341 1045 ¹⁹¹⁰
1363 968 1403 1047 Τ
1407 970 1462 1047 ῘΗ
1470 972 1531 1048 ‘td
1536 1000 1631 1065 ⁰²⁰,
1665 974 1811 1053 ‘imit'
1833 980 1995 1087 Eme·
2022 990 2062 1063 ia
2080 987 2145 1069 Ec·

110 1079 254 1175 κόσμον
273 1078 337 1155 καί
359 1075 543 1179 φυλακήν.
594 1082 691 1154 Haec
713 1097 754 1153 ut
775 1084 985 1171 scriberem,
1009 1085 1107 1156 illius
1154 1120 1157 1125 ·
1486 1075 1600 1151 ciceia
1616 1076 1818 1179 Noribarg.

109 1204 191 1258 tuae
205 1184 432 1256 ueracissimae
446 1186 603 1276 pagellae
618 1185 770 1255 lectione
787 1199 904 1256 motus
920 1210 1009 1259 sum.
1152 1188 1199 1281 S.
1224 1208 1269 1289 D,
1320 1209 1521 1287 Meministi
1542 1229 1577 1288 te
1599 1216 1639 1287 in
1659 1219 1833 1311 proximis
1853 1224 1976 1297 literis
1996 1233 2145 1323 seribere,

213 1318 287 1392 Nec
310 1322 354 1391 de
377 1316 521 1411 Repub.
542 1318 738 1412 quidquam
767 1314 941 1391 habebam
964 1312 1108 1401 ἀξιόλο-
1154 1327 1292 1403 gratum
1314 1314 1381 1386 tibi
1412 1316 1521 1415 fuisse¹
1553 1318 1594 1388 in
1620 1320 1839 1411 praefatione
1860 1322 2033 1404 Micheas
2062 1357 2145 1406 anm.

111 1450 200 1521 yoa:
233 1424 278 1493 de
300 1420 451 1517 Synodo
468 1417 702 1501 Tridentum,
729 1422 775 1490 de
795 1418 985 1493 Conventa
999 1420 1108 1492 Nori·
1153 1417 1445 1513 memorationem
1465 1418 1566 1491 Tuae
1587 1444 1670 1491 cum
1682 1411 1854 1497 Lattara
1872 1436 2145 1514 musnetndinis.

113 1553 175 1612 co,
199 1526 354 1617 denique
371 1523 416 1593 de
440 1518 594 1613 imperio
611 1518 846 1609 Germanico,
870 1519 993 1615 εὐχῶν
1015 1519 1107 1621 ἔργα
1153 1510 1225 1587 Eas
1243 1540 1307 1608 ego
1326 1518 1447 1621 literas
1465 1511 1826 1615 Latherolegendas
1846 1528 1958 1619 dedi,
1998 1548 2036 1607 et
2053 1539 2144 1626 unii,

113 1624 202 1699 iusi.
262 1624 336 1696 Nos
369 1637 489 1694 nostra
522 1622 636 1693 officia
669 1622 839 1694 faciamus
865 1639 987 1696 nostro
1016 1624 1106 1697 loco.
1155 1640 1237 1689 eum
1255 1620 1373 1689 studio
1396 1633 1458 1691 tuo
1481 1622 1660 1696 delectari·
1711 1622 1829 1697 Velim
1853 1629 1970 1721 igitur
1990 1648 2027 1707 te
2047 1637 2144 1713 inter·

113 1730 212 1817 (tenid
233 1727 272 1797 in
295 1726 442 1821 Synodo
467 1724 588 1795 lieret?
621 1748 703 1795 cum
715 1716 850 1818 Pigias
874 1739 945 1796 tam
967 1726 1106 1796 rabiose
1154 1721 1241 1790 dum
1255 1724 1299 1791 ad
1314 1744 1396 1792 eum
1413 1723 1585 1805 scribere,
1610 1721 1913 1817 praesertimcum
1934 1760 2036 1809 nune
2056 1765 2144 1813 oeta·

113 1856 210 1902 rttrrrc
223 1827 413 1920 scripserit,
432 1850 536 1919 quem
552 1826 745 1896 adversarii
759 1826 799 1897 iu
812 1827 948 1897 deliciis
964 1824 1107 1898 habent.
1154 1824 1292 1892 sionem
1312 1835 1347 1893 et
1371 1838 1582 1913 argumenta
1602 1828 1895 1919 suppeditaturus
1917 1837 1967 1909 sit
1987 1836 2142 1912 Conven-

112 1931 167 2004 De
191 1932 317 2000 morbo
339 1926 487 2019 originis
510 1928 673 1997 dissentit
691 1930 737 1999 ab
755 1928 921 1999 universa
936 1925 1105 2013 Ecclesia,
1154 1936 1223 1999 tus.
1272 1922 1385 2018 Saepe
1398 1920 1466 1997 hoc
1479 1926 1602 2012 recitm
1626 1932 1725 2023 quod
1737 1927 1841 2003 Plato
1858 1960 1915 2025 ex,
1936 1942 2059 2014 nucia
2072 1968 2141 2039 qm,

114 2060 178 2104 nec
192 2029 301 2103 habet
313 2029 411 2101 aliud
427 2028 563 2100 firmius
586 2044 853 2121 argumentum,
878 2055 983 2123 quam
1007 2032 1104 2125 quod
1153 2023 1264 2098 Poeta
1280 2026 1376 2102 citat

2083 222 2145 301 illi

2061 398 2145 467 ‚Dae

114 2138 182 2221 ait,
211 2130 281 2227 τὴν
303 2126 511 2225 ἐπιθυμίαν
529 2125 624 2205 εἶναι
644 2128 810 2227 φυσικὴν
837 2130 969 2227 ὄρεξιν.
1032 2131 1105 2205 Nec

113 2251 229 2331 potest
245 2236 443 2305 discernere
457 2232 551 2304 inter
562 2228 720 2315 ἀταξίαν
726 2284 740 2319 ,
765 2229 830 2306 καί
843 2229 993 2328 κτίσμα.
1030 2231 1106 2304 De-

113 2341 205 2411 ridet
220 2350 338 2431 postea
352 2334 541 2405 amentiam
558 2347 726 2420 nostram,
751 2338 848 2429 quod
863 2336 1014 2407 dicimus
1029 2336 1106 2405 sin·

113 2442 204 2533 guilis
227 2460 317 2529 opus
339 2460 430 2521 esse,
453 2448 495 2505 ut
514 2438 660 2507 credant
681 2460 748 2527 pro
771 2438 893 2529 seipsis
905 2436 1019 2507 filium
1037 2435 1105 2507 Dei

112 2542 290 2613 victimam
322 2561 395 2609 esse
415 2539 558 2611 factum.
615 2532 757 2608 Omitto
780 2551 935 2625 caetera,
968 2551 1003 2608 et
1025 2538 1106 2610 tulis

111 2644 271 2736 Scriptor
287 2664 383 2711 nunc
398 2638 535 2712 Romae
551 2633 754 2731 triumphos
770 2640 854 2729 agit.

214 2772 258 2845 ln
272 2786 449 2845 conventu
465 2764 734 2867 Noribergcnsi
744 2773 826 2865 plus
844 2773 913 2846 erit
935 2772 1104 2859 rixarum,

112 2900 220 2973 quam
234 2876 303 2947 fuit
318 2876 355 2945 in
369 2873 566 2967 prioribus:
591 2888 808 2945 concurrunt
819 2872 1105 2947 caussaeBruns-

112 2978 284 3064 vicensis,
316 2974 542 3064 luliaceusis,
571 2972 790 3047 Pannonica.
847 2972 891 3048 In
914 2975 1033 3049 reditu
1053 2990 1106 3047 est

112 3093 322 3172 occupatum
336 3075 539 3149 Leninense
552 3068 760 3170 κοινόβιαν,
784 3101 831 3147 ne
851 3078 982 3148 frustra
1003 3093 1105 3170 putes

112 3182 372 3275 expeditionem
389 3192 583 3270 susceptam
598 3201 683 3253 esse.
735 3176 805 3251 Sed
823 3180 949 3250 omitto
966 3174 1029 3249 has
1050 3182 1106 3249 fa-

110 3286 223 3355 bulas.
279 3280 371 3355 Nam
398 3280 500 3352 urbis
520 3291 655 3352 vestrae
679 3280 834 3373 compita
855 3280 976 3352 omnia
999 3280 1105 3375 plena

109 3400 193 3457 sum
208 3380 338 3455 horum
352 3406 569 3455 sermonum.

211 3513 267 3587 De
281 3538 361 3585 meo
374 3514 528 3605 praelio,
553 3511 756 3585 sollicitudo
778 3526 838 3585 tua
853 3514 959 3607 plens
973 3538 1104 3587 amous

113 3633 148 3690 et
164 3641 265 3689 verae
279 3613 547 3687 benevolentiae
560 3611 652 3685 mihi
664 3614 819 3687 iucunda
835 3616 914 3691 tuit.
964 3614 1034 3687 Sed
1048 3640 1105 3687 res

113 3721 216 3791 aliter
230 3730 306 3788 acta
324 3728 387 3785 est.
438 3710 633 3787 Audieram
647 3717 722 3787 fere
735 3716 839 3787 tertia
854 3716 976 3807 vigilia
990 3732 1105 3788 noetis

112 3822 283 3916 quosdam
307 3816 426 3889 ebrius
446 3810 615 3912 Phrysios
643 3817 853 3889 tumultuari
881 3830 963 3889 ante
995 3820 1104 3889 colle-

1405 2154 1579 2305 σιῖἔρνσός
1591 2156 1726 2243 driade,

1397 2267 1400 2274 ·
1433 2238 1443 2263 '
1494 2238 1622 2323 (ίδιίμας
1635 2242 1804 2331 (imprimet

1406 2324 1608 2429 quirites,

1407 2432 1451 2483 ως
1463 2406 1595 2494 ἀγαθῶν
1608 2410 1734 2498 ἀνδρῶν

1406 2488 1624 2580 ὁμοφράδμων
1637 2496 1754 2582 νόησις.

1253 2606 1321 2683 Est
1344 2625 1462 2684 autem
1487 2630 1522 2688 et
1550 2630 1626 2689 arte
1660 2622 1814 2714 quadam
1845 2647 1886 2695 ac
1919 2624 2135 2727 Philosophia

1152 2713 1285 2783 tuenda
1298 2708 1518 2802 Concordia,
1538 2733 1574 2791 et
1591 2720 1719 2793 alenda
1733 2724 1992 2802 benevolentia
2007 2750 2125 2808 maura

1253 2843 1309 2917 De
1330 2841 1513 2920 Mascula
1534 2865 1570 2925 et
1587 2850 1851 2947 Numburgensi
1873 2864 2030 2951 gratiam
2051 2870 2136 2941 robis

1152 2942 1287 3033 habeo,
1312 2973 1353 3019 ac
1373 2944 1556 3022 Mascula
1581 2960 1845 3049 quamprimum
1864 2973 2014 3036 tuarum
2035 2966 2137 3042 litera-

1152 3054 1232 3120 rum
1246 3052 1457 3123 sententiam
1471 3053 1689 3145 significabo.
1740 3056 1809 3131 Sed
1826 3053 1992 3137 fortassis
2005 3068 2045 3139 in
2052 3067 2136 3142 Mar·

1152 3145 1232 3221 chia
1258 3152 1488 3237 retinebitur,
1526 3169 1566 3226 ut
1588 3158 1751 3230 succedat
1773 3155 1932 3247 Albero,
1968 3168 2033 3263 qui
2055 3196 2136 3245 nuuc

1152 3253 1276 3345 pulsus
1299 3267 1368 3340 est,
1399 3268 1584 3348 propterea
1606 3262 1703 3353 quod
1733 3264 1867 3334 taxavit
1899 3266 2138 3345 immoderatas

1153 3353 1384 3446 expilationes
1399 3354 1604 3451 βουλιμίαν
1625 3361 1744 3443 aulae,
1776 3388 1868 3456 quae
1891 3380 1992 3439 tanta
2013 3386 2080 3458 est,
2104 3390 2136 3447 ut

1074 3514 1085 3535 ,
1152 3456 1372 3543 accessesit,
1393 3458 1493 3553 sequi
1511 3484 1632 3531 rerum
1656 3464 1913 3555 mutationem,
1939 3482 1984 3542 ut
2003 3464 2137 3569 Copais

1152 3556 1269 3629 dicere
1289 3558 1441 3631 solebat:
1466 3582 1546 3630 cam
1570 3555 1809 3656 duplicantur
1829 3561 1987 3661 lateres,
2008 3568 2138 3657 †taac‘'

1075 3717 1085 3736 .
1152 3656 1246 3729 venit
1261 3656 1423 3741 Maisan,
1448 3662 1611 3733 alludens
1628 3666 1672 3735 ad
1682 3660 1895 3761 Aegyptiam
1907 3676 2136 3767 tyrannidem.

1252 3786 1379 3869 Rediit
1404 3794 1551 3866 domum
1575 3790 1595 3868 ὁ
1618 3794 1818 3880 cacocexia
1836 3802 2069 3905 στρατηγὸς,
2103 3834 2137 3880 ac

112 3925 225 4015 gium:
257 3918 422 3991 descendi
448 3917 576 4009 igitur,
606 3929 647 3989 ut
669 3932 988 4013 compescerentur:
1020 3944 1104 4012 par·
1152 3914 1234 3959 '¹¹⁰¹
1248 3896 1434 3986 ⁰⁰⁰¹¹P³vit
1449 3894 1708 4017 M⁰¹¹³⁵²5¹i¹¹¹¹¹
1722 3897 1940 3987 Lfflffifflst’
1963 3912 2136 4002 ‘iuodnon

113 4029 177 4098 tim
201 4046 284 4093 mox
304 4020 496 4111 diffugere,
535 4020 665 4113 partim
694 4016 882 4114 praehensi
912 4013 1103 4117 lachrymis
1151 3986 1394 4114 'eprehendffi
1418 3996 1479 4115 ξεί]
1493 4011 1645 4090 ⁰Pffl¹m
1662 4000 1824 4118 ‘Fmffi
1839 4028 2029 4101 ΜΡΝ·
2078 4010 2138 4083 W·

112 4127 252 4199 veuiam
276 4122 408 4216 precati
429 4134 530 4194 sunt:
564 4121 631 4191 feci
655 4144 734 4192 meo
751 4145 871 4207 more,
897 4120 1104 4212 obiurgatos
1151 4114 1232 4162 '⁰¹¹¹
1249 4087 1335 4166 hm
1348 4092 1444 4167 ΝΜ
1457 4100 1502 4169 ad
1516 4113 1655 4171 ¹¹⁰⁸m⁸
1670 4101 1803 4175 mem

112 4228 251 4312 dimisi,
275 4223 446 4316 postridie
460 4246 583 4295 rursus
597 4223 644 4293 ad
659 4245 715 4293 me
730 4223 975 4316 deprecatores
995 4224 1104 4293 mise-
1251 4222 1305 4297 De
1328 4222 1469 4301 Schola
1488 4224 1703 4325 Aegc'diaaa
1726 4258 1808 4305 cum
1826 4236 2053 4329 stipendium
2075 4260 2137 4317 tam

111 4344 208 4403 runt.
259 4323 406 4398 Utinam
427 4326 542 4397 nostri
560 4320 759 4395 Pannonici
772 4320 889 4395 Duces
910 4338 982 4394 tam
1000 4326 1103 4396 facile
1151 4324 1198 4395 sit
1218 4326 1458 4417 luculentum,
1489 4332 1682 4404 detulimus
1702 4335 1741 4405 id
1761 4360 1894 4409 munus
1913 4336 2138 4439 Hieronymo

112 4428 331 4524 pepulissent
350 4422 499 4502 Turcos.
557 4422 656 4495 Bene
677 4438 711 4495 et
734 4426 884 4495 feliciter
907 4426 1004 4509 vale,
1036 4426 1103 4496 'die
1158 4422 1330 4521 Wifio,
1355 4431 1455 4502 cuius
1469 4433 1727 4521 eruditionem,
1751 4439 1966 4512 modestiam
1978 4458 2014 4517 et
2035 4449 2138 4540 pieta-

112 4530 197 4603 tttl.
213 4527 381 4601 Decemb.
442 4519 636 4598 Osiaudro
665 4525 746 4597 misi
772 4518 918 4621 ζήτημα
941 4528 1104 4601 Πίατω-
1151 4542 1224 4599 tem
1249 4531 1353 4601 vobis
1374 4546 1496 4603 notam
1521 4558 1595 4605 esse
1614 4536 1698 4610 scio.
1752 4533 1803 4613 Et
1822 4540 1965 4613 diutius
1985 4566 2139 4645 sumptus

113 4626 231 4708 ναόν.
1150 4624 1363 4715 nonhabet,
1387 4656 1428 4704 ae
1443 4636 1627 4706 vobiscum
1640 4636 1762 4709 vivere
1779 4640 1923 4729 mallet,
1948 4670 2060 4740 quarn
2080 4654 2139 4723 ali-

1151 4732 1207 4819 bi;
1232 4736 1295 4803 sed
1309 4734 1382 4821 ait,
1404 4756 1443 4807 se
1458 4760 1525 4807 nec
1538 4761 1625 4808 voce
1639 4738 1685 4808 ad
1699 4742 1901 4813 canendum
1918 4747 2061 4839 valere,
2082 4778 2138 4823 nec

1150 4830 1331 4906 Musicum
1347 4858 1433 4913 esse.
1484 4836 1814 4929 stantemstantem
1827 4838 1986 4935 Scholae
2008 4876 2138 4927 nessus

1151 4934 1220 5004 erit
1237 4931 1455 5007 Cantionum
1475 4936 1632 5033 ἔξαρχον
1654 4964 1728 5011 esse
1748 4942 1788 5012 in
1808 4946 1966 5038 templo,
1997 4978 2076 5025 nun
2095 4970 2137 5028 est

1150 5048 1355 5129 accepturus
1376 5038 1414 5108 id
1437 5062 1579 5115 munus.
1629 5039 1702 5113 Sed
1721 5042 1753 5113 si
1774 5068 1850 5115 nou
1867 5042 1979 5121 habet
1990 5052 2138 5129 Musicae

1150 5159 1293 5227 operas,
1317 5138 1416 5230 petit.
1465 5140 1586 5213 Velim
1608 5142 1718 5233 igitur
1730 5140 1799 5217 hac
1814 5148 1861 5218 de
1877 5172 1919 5219 re
1932 5150 2029 5227 mibi
2042 5160 2137 5251 plane

1149 5231 1215 5309 act
1233 5238 1350 5333 ῥητῶς
1369 5244 1588 5334 responderi.
1638 5241 1729 5316 Nam
1750 5245 1782 5317 si
1801 5262 1888 5321 sunt
1909 5276 2043 5345 operae
2061 5257 2136 5331 Mu-

1149 5338 1260 5429 sicae,
1298 5342 1405 5431 slter,
1438 5346 1483 5415 de
1516 5368 1588 5441 quo
1609 5345 1754 5439 scripsi,
1785 5350 1854 5423 erit
1876 5352 2046 5432 idoneus.
2095 5356 2137 5433 lit

671 4752 861 4854 Philippus
875 4756 1052 4838 Melanth.

144 5048 175 5117 ΙΙΙ)
194 5046 284 5101 iacob.
297 5036 432 5099 setena.

144 5132 194 5203 n)
214 5130 268 5187 Vis.
284 5122 448 5184 Analecta
482 5118 515 5177 C.
528 5116 577 5174 W
