<?xml version="1.0" encoding="UTF-8"?>
<!DOCTYPE html PUBLIC "-//W3C//DTD XHTML 1.0 Transitional//EN"
    "http://www.w3.org/TR/xhtml1/DTD/xhtml1-transitional.dtd">
<html xmlns="http://www.w3.org/1999/xhtml" xml:lang="en" lang="en">
 <head>
  <title>
</title>
<meta http-equiv="Content-Type" content="text/html;charset=utf-8" />
  <meta name='ocr-system' content='tesseract 3.04.00' />
  <meta name='ocr-capabilities' content='ocr_page ocr_carea ocr_par ocr_line ocrx_word'/>
</head>
<body>
  <div class='ocr_page' id='page_1' title='image "./corpusreformato08melagoog/corpusreformato08melagoog_0028.png"; bbox 0 0 4522 5752; ppageno 0'>
   <div class='ocr_carea' id='block_1_1' title="bbox 75 146 2260 348">
    <p class='ocr_par' dir='ltr' id='par_1_1' title="bbox 75 146 2260 348">
     <span class='ocr_line' id='line_1_1' title="bbox 75 146 2260 348; baseline 0.001 -48"><span class='ocrx_word' id='word_1_1' title='bbox 75 200 140 313; x_wconf 78' lang='lat' dir='ltr'><strong>‚s</strong></span> <span class='ocrx_word' id='word_1_2' title='bbox 532 339 539 348; x_wconf 14' lang='grc' dir='ltr'>ι</span> <span class='ocrx_word' id='word_1_3' title='bbox 679 210 1117 305; x_wconf 72' lang='lat' dir='ltr'><strong>siracusanus</strong></span> <span class='ocrx_word' id='word_1_4' title='bbox 1161 216 1402 307; x_wconf 79' lang='lat' dir='ltr'><strong>stu-un</strong></span> <span class='ocrx_word' id='word_1_5' title='bbox 1453 220 1585 306; x_wconf 73' lang='lat' dir='ltr'><strong>assa.</strong></span> <span class='ocrx_word' id='word_1_6' title='bbox 1911 146 1985 255; x_wconf 67' lang='lat' dir='ltr'>s</span> <span class='ocrx_word' id='word_1_7' title='bbox 2101 229 2151 303; x_wconf 79' lang='lat' dir='ltr'><strong>so</strong></span> <span class='ocrx_word' id='word_1_8' title='bbox 2255 242 2260 254; x_wconf 93' lang='lat'><strong>·</strong></span> 
     </span>
    </p>
   </div>
   <div class='ocr_carea' id='block_1_2' title="bbox 105 394 2209 1618">
    <p class='ocr_par' dir='ltr' id='par_1_2' title="bbox 111 394 2209 698">
     <span class='ocr_line' id='line_1_2' title="bbox 111 394 2209 495; baseline 0.001 -22"><span class='ocrx_word' id='word_1_9' title='bbox 111 398 224 473; x_wconf 82' lang='lat' dir='ltr'><strong>libere</strong></span> <span class='ocrx_word' id='word_1_10' title='bbox 253 398 300 471; x_wconf 89' lang='lat' dir='ltr'><strong>in</strong></span> <span class='ocrx_word' id='word_1_11' title='bbox 323 394 472 494; x_wconf 83' lang='lat' dir='ltr'><strong>publico</strong></span> <span class='ocrx_word' id='word_1_12' title='bbox 501 408 606 471; x_wconf 86' lang='lat' dir='ltr'><strong>coetu</strong></span> <span class='ocrx_word' id='word_1_13' title='bbox 630 398 798 475; x_wconf 83' lang='lat' dir='ltr'><strong>dicantur</strong></span> <span class='ocrx_word' id='word_1_14' title='bbox 818 399 1031 488; x_wconf 82' lang='lat' dir='ltr'><strong>sententiae,</strong></span> <span class='ocrx_word' id='word_1_15' title='bbox 1062 400 1109 472; x_wconf 83' lang='lat' dir='ltr'><strong>ad</strong></span> <span class='ocrx_word' id='word_1_16' title='bbox 1158 398 1281 473; x_wconf 84' lang='lat' dir='ltr'><strong>Status</strong></span> <span class='ocrx_word' id='word_1_17' title='bbox 1295 400 1483 475; x_wconf 70' lang='lat' dir='ltr'><strong>atomus</strong></span> <span class='ocrx_word' id='word_1_18' title='bbox 1503 412 1665 494; x_wconf 84' lang='lat' dir='ltr'><strong>possent,</strong></span> <span class='ocrx_word' id='word_1_19' title='bbox 1696 414 1734 474; x_wconf 87' lang='lat' dir='ltr'><strong>et</strong></span> <span class='ocrx_word' id='word_1_20' title='bbox 1754 413 1874 495; x_wconf 79' lang='lat' dir='ltr'><strong>postea</strong></span> <span class='ocrx_word' id='word_1_21' title='bbox 1890 400 1941 475; x_wconf 73' lang='lat' dir='ltr'><strong>vsle</strong></span> <span class='ocrx_word' id='word_1_22' title='bbox 1959 400 2151 474; x_wconf 84' lang='lat' dir='ltr'><strong>cuncordia</strong></span> <span class='ocrx_word' id='word_1_23' title='bbox 2201 462 2209 475; x_wconf 76' lang='grc'>,</span> 
     </span>
     <span class='ocr_line' id='line_1_3' title="bbox 175 499 2190 601; baseline 0 -26"><span class='ocrx_word' id='word_1_24' title='bbox 175 502 395 575; x_wconf 77' lang='lat' dir='ltr'><strong>movendam</strong></span> <span class='ocrx_word' id='word_1_25' title='bbox 422 500 694 594; x_wconf 75' lang='lat' dir='ltr'>explicationem</span> <span class='ocrx_word' id='word_1_26' title='bbox 723 526 864 591; x_wconf 86' lang='lat' dir='ltr'><strong>rernm,</strong></span> <span class='ocrx_word' id='word_1_27' title='bbox 904 526 997 601; x_wconf 81' lang='lat' dir='ltr'><strong>quae</strong></span> <span class='ocrx_word' id='word_1_28' title='bbox 1025 514 1111 574; x_wconf 90' lang='lat' dir='ltr'><strong>sunt</strong></span> <span class='ocrx_word' id='word_1_29' title='bbox 1157 503 1217 596; x_wconf 86' lang='lat' dir='ltr'><strong>pia</strong></span> <span class='ocrx_word' id='word_1_30' title='bbox 1237 504 1451 576; x_wconf 85' lang='lat' dir='ltr'><strong>deliberare:</strong></span> <span class='ocrx_word' id='word_1_31' title='bbox 1490 499 1726 575; x_wconf 85' lang='lat' dir='ltr'><strong>hauddubie</strong></span> <span class='ocrx_word' id='word_1_32' title='bbox 1753 526 1843 596; x_wconf 88' lang='lat' dir='ltr'><strong>opus</strong></span> <span class='ocrx_word' id='word_1_33' title='bbox 1870 517 1941 590; x_wconf 88' lang='lat' dir='ltr'><strong>est,</strong></span> <span class='ocrx_word' id='word_1_34' title='bbox 1977 503 2153 575; x_wconf 70' lang='lat' dir='ltr'><strong>mensori</strong></span> <span class='ocrx_word' id='word_1_35' title='bbox 2186 514 2190 525; x_wconf 88' lang='lat'>&#39;</span> 
     </span>
     <span class='ocr_line' id='line_1_4' title="bbox 196 603 2153 698; baseline -0.001 -22"><span class='ocrx_word' id='word_1_36' title='bbox 196 605 294 676; x_wconf 84' lang='lat' dir='ltr'><strong>esiae</strong></span> <span class='ocrx_word' id='word_1_37' title='bbox 307 603 541 690; x_wconf 86' lang='lat' dir='ltr'><strong>necessariae,</strong></span> <span class='ocrx_word' id='word_1_38' title='bbox 565 604 709 698; x_wconf 88' lang='lat' dir='ltr'><strong>etpiam</strong></span> <span class='ocrx_word' id='word_1_39' title='bbox 723 606 1022 692; x_wconf 79' lang='lat' dir='ltr'><strong>conciliationem,</strong></span> <span class='ocrx_word' id='word_1_40' title='bbox 1046 607 1109 676; x_wconf 89' lang='lat' dir='ltr'><strong>sed</strong></span> <span class='ocrx_word' id='word_1_41' title='bbox 1158 606 1416 678; x_wconf 76' lang='lat' dir='ltr'><strong>declarationes*</strong></span> <span class='ocrx_word' id='word_1_42' title='bbox 1427 621 1461 679; x_wconf 88' lang='lat' dir='ltr'><strong>ct</strong></span> <span class='ocrx_word' id='word_1_43' title='bbox 1473 618 1692 697; x_wconf 82' lang='lat' dir='ltr'><strong>argumenta.</strong></span> <span class='ocrx_word' id='word_1_44' title='bbox 1742 605 1798 678; x_wconf 80' lang='lat' dir='ltr'><strong>Ac</strong></span> <span class='ocrx_word' id='word_1_45' title='bbox 1815 608 1934 677; x_wconf 89' lang='lat' dir='ltr'><strong>nudae</strong></span> <span class='ocrx_word' id='word_1_46' title='bbox 1951 605 2153 678; x_wconf 88' lang='lat' dir='ltr'><strong>conclusio-</strong></span> 
     </span>
    </p>

    <p class='ocr_par' dir='ltr' id='par_1_3' title="bbox 109 706 2153 803">
     <span class='ocr_line' id='line_1_5' title="bbox 109 706 2153 803; baseline 0 -24"><span class='ocrx_word' id='word_1_47' title='bbox 109 706 217 779; x_wconf 85' lang='lat' dir='ltr'><strong>ctiam</strong></span> <span class='ocrx_word' id='word_1_48' title='bbox 230 710 379 780; x_wconf 87' lang='lat' dir='ltr'><strong>daturos</strong></span> <span class='ocrx_word' id='word_1_49' title='bbox 393 728 558 800; x_wconf 86' lang='lat' dir='ltr'><strong>operam,</strong></span> <span class='ocrx_word' id='word_1_50' title='bbox 590 730 638 785; x_wconf 87' lang='lat' dir='ltr'><strong>ne</strong></span> <span class='ocrx_word' id='word_1_51' title='bbox 652 707 726 779; x_wconf 85' lang='lat' dir='ltr'><strong>alii</strong></span> <span class='ocrx_word' id='word_1_52' title='bbox 746 708 959 802; x_wconf 75' lang='lat' dir='ltr'><strong>impediant,</strong></span> <span class='ocrx_word' id='word_1_53' title='bbox 984 731 1110 802; x_wconf 66' lang='lat' dir='ltr'><strong>queam</strong></span> <span class='ocrx_word' id='word_1_54' title='bbox 1158 731 1220 779; x_wconf 91' lang='lat' dir='ltr'><strong>nes</strong></span> <span class='ocrx_word' id='word_1_55' title='bbox 1240 722 1388 803; x_wconf 90' lang='lat' dir='ltr'><strong>propter</strong></span> <span class='ocrx_word' id='word_1_56' title='bbox 1407 709 1659 781; x_wconf 76' lang='lat' dir='ltr'><strong>obscuritatem</strong></span> <span class='ocrx_word' id='word_1_57' title='bbox 1682 709 1797 780; x_wconf 91' lang='lat' dir='ltr'><strong>multo</strong></span> <span class='ocrx_word' id='word_1_58' title='bbox 1819 709 1929 799; x_wconf 80' lang='lat' dir='ltr'><strong>inagis</strong></span> <span class='ocrx_word' id='word_1_59' title='bbox 1950 707 2153 779; x_wconf 85' lang='lat' dir='ltr'><strong>irritaturae</strong></span> 
     </span>
    </p>

    <p class='ocr_par' dir='ltr' id='par_1_4' title="bbox 105 804 2175 1618">
     <span class='ocr_line' id='line_1_6' title="bbox 105 804 2152 906; baseline -0 -25"><span class='ocrx_word' id='word_1_60' title='bbox 105 810 308 882; x_wconf 81' lang='lat' dir='ltr'><strong>admodum</strong></span> <span class='ocrx_word' id='word_1_61' title='bbox 336 804 412 881; x_wconf 78' lang='lat' dir='ltr'><strong>boc.</strong></span> <span class='ocrx_word' id='word_1_62' title='bbox 435 808 507 878; x_wconf 91' lang='lat' dir='ltr'><strong>iam</strong></span> <span class='ocrx_word' id='word_1_63' title='bbox 529 822 633 881; x_wconf 85' lang='lat' dir='ltr'><strong>antea</strong></span> <span class='ocrx_word' id='word_1_64' title='bbox 658 832 760 903; x_wconf 86' lang='lat' dir='ltr'><strong>saepe</strong></span> <span class='ocrx_word' id='word_1_65' title='bbox 784 835 804 881; x_wconf 85' lang='lat' dir='ltr'><strong>a</strong></span> <span class='ocrx_word' id='word_1_66' title='bbox 829 812 935 882; x_wconf 88' lang='lat' dir='ltr'><strong>nobis</strong></span> <span class='ocrx_word' id='word_1_67' title='bbox 957 811 1109 904; x_wconf 87' lang='lat' dir='ltr'><strong>petitum</strong></span> <span class='ocrx_word' id='word_1_68' title='bbox 1159 822 1275 882; x_wconf 78' lang='lat' dir='ltr'><strong>essent</strong></span> <span class='ocrx_word' id='word_1_69' title='bbox 1298 812 1437 881; x_wconf 90' lang='lat' dir='ltr'><strong>animos</strong></span> <span class='ocrx_word' id='word_1_70' title='bbox 1458 834 1602 897; x_wconf 87' lang='lat' dir='ltr'><strong>eorum,</strong></span> <span class='ocrx_word' id='word_1_71' title='bbox 1639 811 1771 906; x_wconf 88' lang='lat' dir='ltr'><strong>quibus</strong></span> <span class='ocrx_word' id='word_1_72' title='bbox 1796 804 1863 879; x_wconf 85' lang='lat' dir='ltr'><strong>hae</strong></span> <span class='ocrx_word' id='word_1_73' title='bbox 1890 809 2152 880; x_wconf 81' lang='lat' dir='ltr'><strong>controversiae</strong></span> 
     </span>
     <span class='ocr_line' id='line_1_7' title="bbox 108 906 2175 1007; baseline -0 -23"><span class='ocrx_word' id='word_1_74' title='bbox 108 924 183 1000; x_wconf 81' lang='lat' dir='ltr'><strong>est,</strong></span> <span class='ocrx_word' id='word_1_75' title='bbox 210 926 248 984; x_wconf 88' lang='lat' dir='ltr'><strong>et</strong></span> <span class='ocrx_word' id='word_1_76' title='bbox 267 906 389 984; x_wconf 87' lang='lat' dir='ltr'><strong>adbuc</strong></span> <span class='ocrx_word' id='word_1_77' title='bbox 407 911 510 981; x_wconf 81' lang='lat' dir='ltr'><strong>enixe</strong></span> <span class='ocrx_word' id='word_1_78' title='bbox 532 909 743 1002; x_wconf 83' lang='lat' dir='ltr'><strong>flagitamus.</strong></span> <span class='ocrx_word' id='word_1_79' title='bbox 794 912 865 985; x_wconf 86' lang='lat' dir='ltr'><strong>Sed</strong></span> <span class='ocrx_word' id='word_1_80' title='bbox 888 913 920 984; x_wconf 90' lang='lat' dir='ltr'><strong>si</strong></span> <span class='ocrx_word' id='word_1_81' title='bbox 940 936 1039 984; x_wconf 87' lang='lat' dir='ltr'><strong>secus</strong></span> <span class='ocrx_word' id='word_1_82' title='bbox 1053 935 1109 982; x_wconf 90' lang='lat' dir='ltr'><strong>res</strong></span> <span class='ocrx_word' id='word_1_83' title='bbox 1159 936 1234 983; x_wconf 90' lang='lat' dir='ltr'><strong>non</strong></span> <span class='ocrx_word' id='word_1_84' title='bbox 1256 914 1400 1005; x_wconf 90' lang='lat' dir='ltr'><strong>penitus</strong></span> <span class='ocrx_word' id='word_1_85' title='bbox 1423 927 1633 1000; x_wconf 70' lang='lat' dir='ltr'><strong>notescunt,</strong></span> <span class='ocrx_word' id='word_1_86' title='bbox 1672 936 1779 1007; x_wconf 89' lang='lat' dir='ltr'><strong>quarn</strong></span> <span class='ocrx_word' id='word_1_87' title='bbox 1800 912 2012 1005; x_wconf 86' lang='lat' dir='ltr'><strong>placaturae.</strong></span> <span class='ocrx_word' id='word_1_88' title='bbox 2070 910 2175 1000; x_wconf 85' lang='lat' dir='ltr'><strong>Qus·</strong></span> 
     </span>
     <span class='ocr_line' id='line_1_8' title="bbox 110 1011 2153 1106; baseline -0 -21"><span class='ocrx_word' id='word_1_89' title='bbox 110 1026 252 1106; x_wconf 82' lang='lat' dir='ltr'><strong>agetur,</strong></span> <span class='ocrx_word' id='word_1_90' title='bbox 276 1012 537 1085; x_wconf 82' lang='lat' dir='ltr'><strong>reservabimus</strong></span> <span class='ocrx_word' id='word_1_91' title='bbox 551 1011 780 1106; x_wconf 85' lang='lat' dir='ltr'><strong>Principibus</strong></span> <span class='ocrx_word' id='word_1_92' title='bbox 803 1029 837 1087; x_wconf 91' lang='lat' dir='ltr'><strong>et</strong></span> <span class='ocrx_word' id='word_1_93' title='bbox 854 1014 1020 1087; x_wconf 86' lang='lat' dir='ltr'><strong>Dominis</strong></span> <span class='ocrx_word' id='word_1_94' title='bbox 1041 1039 1110 1085; x_wconf 89' lang='lat' dir='ltr'><strong>no-</strong></span> <span class='ocrx_word' id='word_1_95' title='bbox 1159 1039 1202 1087; x_wconf 77' lang='grc' dir='ltr'>ει</span> <span class='ocrx_word' id='word_1_96' title='bbox 1221 1039 1261 1086; x_wconf 85' lang='lat' dir='ltr'><strong>re</strong></span> <span class='ocrx_word' id='word_1_97' title='bbox 1280 1017 1432 1086; x_wconf 87' lang='lat' dir='ltr'><strong>maiores</strong></span> <span class='ocrx_word' id='word_1_98' title='bbox 1456 1017 1658 1087; x_wconf 89' lang='lat' dir='ltr'><strong>animorum</strong></span> <span class='ocrx_word' id='word_1_99' title='bbox 1681 1016 1893 1085; x_wconf 82' lang='lat' dir='ltr'><strong>offensiones</strong></span> <span class='ocrx_word' id='word_1_100' title='bbox 1918 1027 1979 1089; x_wconf 90' lang='lat' dir='ltr'><strong>aut</strong></span> <span class='ocrx_word' id='word_1_101' title='bbox 1998 1013 2153 1084; x_wconf 87' lang='lat' dir='ltr'><strong>maiores</strong></span> 
     </span>
     <span class='ocr_line' id='line_1_9' title="bbox 106 1114 2153 1217; baseline -0.001 -28"><span class='ocrx_word' id='word_1_102' title='bbox 106 1116 213 1203; x_wconf 83' lang='lat' dir='ltr'><strong>stris,</strong></span> <span class='ocrx_word' id='word_1_103' title='bbox 242 1129 286 1187; x_wconf 88' lang='lat' dir='ltr'><strong>ut</strong></span> <span class='ocrx_word' id='word_1_104' title='bbox 306 1115 376 1209; x_wconf 89' lang='lat' dir='ltr'><strong>ipsi</strong></span> <span class='ocrx_word' id='word_1_105' title='bbox 392 1115 430 1184; x_wconf 92' lang='lat' dir='ltr'><strong>in</strong></span> <span class='ocrx_word' id='word_1_106' title='bbox 447 1114 610 1209; x_wconf 82' lang='lat' dir='ltr'><strong>pmximo</strong></span> <span class='ocrx_word' id='word_1_107' title='bbox 627 1129 806 1188; x_wconf 89' lang='lat' dir='ltr'><strong>conventu</strong></span> <span class='ocrx_word' id='word_1_108' title='bbox 821 1117 1017 1212; x_wconf 87' lang='lat' dir='ltr'><strong>imperiali,</strong></span> <span class='ocrx_word' id='word_1_109' title='bbox 1047 1128 1110 1188; x_wconf 85' lang='lat' dir='ltr'><strong>ant</strong></span> <span class='ocrx_word' id='word_1_110' title='bbox 1158 1117 1354 1189; x_wconf 81' lang='lat' dir='ltr'><strong>discordiae</strong></span> <span class='ocrx_word' id='word_1_111' title='bbox 1368 1133 1551 1192; x_wconf 87' lang='lat' dir='ltr'><strong>secuturae</strong></span> <span class='ocrx_word' id='word_1_112' title='bbox 1568 1131 1702 1217; x_wconf 78' lang='lat' dir='ltr'><strong>essent,</strong></span> <span class='ocrx_word' id='word_1_113' title='bbox 1732 1116 1937 1210; x_wconf 89' lang='lat' dir='ltr'><strong>praesertim</strong></span> <span class='ocrx_word' id='word_1_114' title='bbox 1951 1140 2061 1210; x_wconf 90' lang='lat' dir='ltr'><strong>quum</strong></span> <span class='ocrx_word' id='word_1_115' title='bbox 2083 1139 2153 1186; x_wconf 89' lang='lat' dir='ltr'><strong>nu·</strong></span> 
     </span>
     <span class='ocr_line' id='line_1_10' title="bbox 108 1216 2153 1316; baseline -0 -26"><span class='ocrx_word' id='word_1_116' title='bbox 108 1216 318 1313; x_wconf 89' lang='lat' dir='ltr'><strong>ubicunqne</strong></span> <span class='ocrx_word' id='word_1_117' title='bbox 332 1216 508 1302; x_wconf 73' lang='lat' dir='ltr'><strong>scateret,</strong></span> <span class='ocrx_word' id='word_1_118' title='bbox 532 1224 790 1310; x_wconf 86' lang='lat' dir='ltr'><strong>eaproponant</strong></span> <span class='ocrx_word' id='word_1_119' title='bbox 805 1232 840 1292; x_wconf 90' lang='lat' dir='ltr'><strong>et</strong></span> <span class='ocrx_word' id='word_1_120' title='bbox 853 1232 992 1316; x_wconf 88' lang='lat' dir='ltr'><strong>petant,</strong></span> <span class='ocrx_word' id='word_1_121' title='bbox 1016 1242 1107 1314; x_wconf 83' lang='lat' dir='ltr'><strong>quae</strong></span> <span class='ocrx_word' id='word_1_122' title='bbox 1158 1221 1222 1289; x_wconf 86' lang='lat' dir='ltr'><strong>dae</strong></span> <span class='ocrx_word' id='word_1_123' title='bbox 1245 1221 1440 1291; x_wconf 85' lang='lat' dir='ltr'><strong>sententiae</strong></span> <span class='ocrx_word' id='word_1_124' title='bbox 1466 1221 1574 1291; x_wconf 89' lang='lat' dir='ltr'><strong>variis</strong></span> <span class='ocrx_word' id='word_1_125' title='bbox 1593 1219 1780 1291; x_wconf 89' lang='lat' dir='ltr'><strong>calumniis</strong></span> <span class='ocrx_word' id='word_1_126' title='bbox 1802 1218 2012 1310; x_wconf 75' lang='lat' dir='ltr'><strong>depravante</strong></span> <span class='ocrx_word' id='word_1_127' title='bbox 2035 1217 2108 1288; x_wconf 87' lang='lat' dir='ltr'><strong>sint</strong></span> <span class='ocrx_word' id='word_1_128' title='bbox 2132 1241 2153 1289; x_wconf 87' lang='lat' dir='ltr'><strong>a</strong></span> 
     </span>
     <span class='ocr_line' id='line_1_11' title="bbox 107 1314 2151 1414; baseline -0 -21"><span class='ocrx_word' id='word_1_129' title='bbox 107 1342 167 1393; x_wconf 87' lang='lat' dir='ltr'><strong>res</strong></span> <span class='ocrx_word' id='word_1_130' title='bbox 183 1319 397 1414; x_wconf 83' lang='lat' dir='ltr'><strong>postulabit,</strong></span> <span class='ocrx_word' id='word_1_131' title='bbox 422 1319 467 1389; x_wconf 90' lang='lat' dir='ltr'><strong>de</strong></span> <span class='ocrx_word' id='word_1_132' title='bbox 484 1343 556 1413; x_wconf 91' lang='lat' dir='ltr'><strong>qno</strong></span> <span class='ocrx_word' id='word_1_133' title='bbox 570 1334 818 1412; x_wconf 86' lang='lat' dir='ltr'><strong>protestamur.</strong></span> <span class='ocrx_word' id='word_1_134' title='bbox 1158 1322 1298 1409; x_wconf 90' lang='lat' dir='ltr'><strong>multis,</strong></span> <span class='ocrx_word' id='word_1_135' title='bbox 1322 1334 1362 1393; x_wconf 92' lang='lat' dir='ltr'><strong>ut</strong></span> <span class='ocrx_word' id='word_1_136' title='bbox 1377 1345 1423 1392; x_wconf 90' lang='lat' dir='ltr'><strong>ne</strong></span> <span class='ocrx_word' id='word_1_137' title='bbox 1436 1324 1482 1394; x_wconf 89' lang='lat' dir='ltr'><strong>sit</strong></span> <span class='ocrx_word' id='word_1_138' title='bbox 1493 1324 1643 1408; x_wconf 78' lang='lat' dir='ltr'><strong>minim,</strong></span> <span class='ocrx_word' id='word_1_139' title='bbox 1662 1323 1805 1412; x_wconf 88' lang='lat' dir='ltr'><strong>ignaros</strong></span> <span class='ocrx_word' id='word_1_140' title='bbox 1817 1321 1863 1390; x_wconf 84' lang='lat' dir='ltr'><strong>ab</strong></span> <span class='ocrx_word' id='word_1_141' title='bbox 1878 1314 1935 1390; x_wconf 91' lang='lat' dir='ltr'><strong>his</strong></span> <span class='ocrx_word' id='word_1_142' title='bbox 1947 1315 2151 1393; x_wconf 87' lang='lat' dir='ltr'><strong>abhorrere.</strong></span> 
     </span>
     <span class='ocr_line' id='line_1_12' title="bbox 212 1416 2153 1522; baseline -0.001 -28"><span class='ocrx_word' id='word_1_143' title='bbox 212 1417 363 1495; x_wconf 85' lang='lat' dir='ltr'><strong>Etcum</strong></span> <span class='ocrx_word' id='word_1_144' title='bbox 386 1416 455 1492; x_wconf 88' lang='lat' dir='ltr'><strong>bac</strong></span> <span class='ocrx_word' id='word_1_145' title='bbox 476 1422 729 1515; x_wconf 86' lang='lat' dir='ltr'><strong>protestatione</strong></span> <span class='ocrx_word' id='word_1_146' title='bbox 752 1422 943 1522; x_wconf 82' lang='lat' dir='ltr'><strong>offerimus</strong></span> <span class='ocrx_word' id='word_1_147' title='bbox 967 1444 1037 1494; x_wconf 90' lang='lat' dir='ltr'><strong>nos</strong></span> <span class='ocrx_word' id='word_1_148' title='bbox 1061 1424 1108 1492; x_wconf 93' lang='lat' dir='ltr'><strong>ad</strong></span> <span class='ocrx_word' id='word_1_149' title='bbox 1157 1419 1298 1495; x_wconf 84' lang='lat' dir='ltr'><strong>Deinde</strong></span> <span class='ocrx_word' id='word_1_150' title='bbox 1319 1448 1385 1494; x_wconf 91' lang='lat' dir='ltr'><strong>nec</strong></span> <span class='ocrx_word' id='word_1_151' title='bbox 1410 1447 1477 1495; x_wconf 88' lang='lat' dir='ltr'><strong>nos</strong></span> <span class='ocrx_word' id='word_1_152' title='bbox 1502 1446 1683 1516; x_wconf 83' lang='lat' dir='ltr'><strong>possemus</strong></span> <span class='ocrx_word' id='word_1_153' title='bbox 1711 1437 1787 1495; x_wconf 91' lang='lat' dir='ltr'><strong>acta</strong></span> <span class='ocrx_word' id='word_1_154' title='bbox 1818 1418 1927 1493; x_wconf 89' lang='lat' dir='ltr'><strong>huius</strong></span> <span class='ocrx_word' id='word_1_155' title='bbox 1956 1435 2153 1493; x_wconf 82' lang='lat' dir='ltr'><strong>conventus</strong></span> 
     </span>
     <span class='ocr_line' id='line_1_13' title="bbox 105 1519 2154 1618; baseline -0.001 -21"><span class='ocrx_word' id='word_1_156' title='bbox 105 1519 343 1597; x_wconf 85' lang='lat' dir='ltr'><strong>christianam</strong></span> <span class='ocrx_word' id='word_1_157' title='bbox 359 1548 401 1594; x_wconf 92' lang='lat' dir='ltr'><strong>ac</strong></span> <span class='ocrx_word' id='word_1_158' title='bbox 415 1523 509 1616; x_wconf 89' lang='lat' dir='ltr'><strong>piam</strong></span> <span class='ocrx_word' id='word_1_159' title='bbox 525 1524 799 1597; x_wconf 88' lang='lat' dir='ltr'><strong>collocutionem</strong></span> <span class='ocrx_word' id='word_1_160' title='bbox 824 1541 860 1599; x_wconf 92' lang='lat' dir='ltr'><strong>et</strong></span> <span class='ocrx_word' id='word_1_161' title='bbox 880 1523 1108 1597; x_wconf 82' lang='lat' dir='ltr'><strong>informatio·</strong></span> <span class='ocrx_word' id='word_1_162' title='bbox 1158 1526 1294 1618; x_wconf 82' lang='lat' dir='ltr'><strong>integre</strong></span> <span class='ocrx_word' id='word_1_163' title='bbox 1322 1526 1470 1597; x_wconf 88' lang='lat' dir='ltr'><strong>recitare</strong></span> <span class='ocrx_word' id='word_1_164' title='bbox 1496 1526 1726 1618; x_wconf 87' lang='lat' dir='ltr'><strong>Principibus</strong></span> <span class='ocrx_word' id='word_1_165' title='bbox 1754 1538 1790 1596; x_wconf 90' lang='lat' dir='ltr'><strong>et</strong></span> <span class='ocrx_word' id='word_1_166' title='bbox 1813 1522 1980 1595; x_wconf 84' lang='lat' dir='ltr'><strong>Dominis</strong></span> <span class='ocrx_word' id='word_1_167' title='bbox 2009 1523 2154 1607; x_wconf 85' lang='lat' dir='ltr'><strong>nostris,</strong></span> 
     </span>
    </p>
   </div>
   <div class='ocr_carea' id='block_1_3' title="bbox 105 1621 2260 1722">
    <p class='ocr_par' dir='ltr' id='par_1_5' title="bbox 105 1621 2260 1722">
     <span class='ocr_line' id='line_1_14' title="bbox 105 1621 2260 1722; baseline -0.001 -25"><span class='ocrx_word' id='word_1_168' title='bbox 105 1650 193 1697; x_wconf 83' lang='lat' dir='ltr'><strong>nens</strong></span> <span class='ocrx_word' id='word_1_169' title='bbox 215 1640 360 1698; x_wconf 89' lang='lat' dir='ltr'><strong>nostrae</strong></span> <span class='ocrx_word' id='word_1_170' title='bbox 381 1625 565 1696; x_wconf 87' lang='lat' dir='ltr'><strong>doctrinae</strong></span> <span class='ocrx_word' id='word_1_171' title='bbox 587 1640 622 1698; x_wconf 93' lang='lat' dir='ltr'><strong>et</strong></span> <span class='ocrx_word' id='word_1_172' title='bbox 640 1628 840 1718; x_wconf 78' lang='lat' dir='ltr'><strong>religionis,</strong></span> <span class='ocrx_word' id='word_1_173' title='bbox 871 1643 911 1700; x_wconf 92' lang='lat' dir='ltr'><strong>ut</strong></span> <span class='ocrx_word' id='word_1_174' title='bbox 932 1630 1108 1719; x_wconf 81' lang='lat' dir='ltr'><strong>adpareat,</strong></span> <span class='ocrx_word' id='word_1_175' title='bbox 1157 1628 1229 1698; x_wconf 88' lang='lat' dir='ltr'><strong>nisi</strong></span> <span class='ocrx_word' id='word_1_176' title='bbox 1252 1629 1371 1722; x_wconf 91' lang='lat' dir='ltr'><strong>copias</strong></span> <span class='ocrx_word' id='word_1_177' title='bbox 1401 1624 1612 1700; x_wconf 89' lang='lat' dir='ltr'><strong>haberemus</strong></span> <span class='ocrx_word' id='word_1_178' title='bbox 1639 1628 1751 1698; x_wconf 87' lang='lat' dir='ltr'><strong>totius</strong></span> <span class='ocrx_word' id='word_1_179' title='bbox 1777 1624 2038 1718; x_wconf 86' lang='lat' dir='ltr'><strong>disputationis.</strong></span> <span class='ocrx_word' id='word_1_180' title='bbox 2103 1621 2154 1696; x_wconf 86' lang='lat' dir='ltr'><strong>Et</strong></span> <span class='ocrx_word' id='word_1_181' title='bbox 2253 1684 2260 1709; x_wconf 85' lang='lat'><strong>,</strong></span> 
     </span>
    </p>
   </div>
   <div class='ocr_carea' id='block_1_4' title="bbox 77 1724 2248 5089">
    <p class='ocr_par' dir='ltr' id='par_1_6' title="bbox 77 1724 2248 2540">
     <span class='ocr_line' id='line_1_15' title="bbox 110 1724 2153 1825; baseline -0.001 -26"><span class='ocrx_word' id='word_1_182' title='bbox 110 1752 179 1801; x_wconf 89' lang='lat' dir='ltr'><strong>nos</strong></span> <span class='ocrx_word' id='word_1_183' title='bbox 196 1751 272 1799; x_wconf 92' lang='lat' dir='ltr'><strong>non</strong></span> <span class='ocrx_word' id='word_1_184' title='bbox 293 1750 462 1823; x_wconf 90' lang='lat' dir='ltr'><strong>quaerere</strong></span> <span class='ocrx_word' id='word_1_185' title='bbox 488 1728 642 1799; x_wconf 86' lang='lat' dir='ltr'><strong>latebras</strong></span> <span class='ocrx_word' id='word_1_186' title='bbox 672 1731 770 1801; x_wconf 86' lang='lat' dir='ltr'><strong>velut</strong></span> <span class='ocrx_word' id='word_1_187' title='bbox 799 1732 974 1822; x_wconf 81' lang='lat' dir='ltr'><strong>lucifugos</strong></span> <span class='ocrx_word' id='word_1_188' title='bbox 982 1724 1033 1825; x_wconf 78' lang='lat'><strong>⁹),</strong></span> <span class='ocrx_word' id='word_1_189' title='bbox 1067 1752 1108 1799; x_wconf 87' lang='lat' dir='ltr'><strong>ac</strong></span> <span class='ocrx_word' id='word_1_190' title='bbox 1157 1730 1265 1801; x_wconf 87' lang='lat' dir='ltr'><strong>verba</strong></span> <span class='ocrx_word' id='word_1_191' title='bbox 1286 1731 1478 1801; x_wconf 89' lang='lat' dir='ltr'><strong>iuramenti</strong></span> <span class='ocrx_word' id='word_1_192' title='bbox 1500 1728 1730 1803; x_wconf 88' lang='lat' dir='ltr'><strong>Notariorum</strong></span> <span class='ocrx_word' id='word_1_193' title='bbox 1753 1729 1962 1811; x_wconf 89' lang='lat' dir='ltr'><strong>ostendunt,</strong></span> <span class='ocrx_word' id='word_1_194' title='bbox 1997 1748 2062 1796; x_wconf 78' lang='lat' dir='ltr'><strong>vos</strong></span> <span class='ocrx_word' id='word_1_195' title='bbox 2087 1749 2153 1797; x_wconf 84' lang='lat' dir='ltr'><strong>an·</strong></span> 
     </span>
     <span class='ocr_line' id='line_1_16' title="bbox 106 1827 2152 1920; baseline -0.001 -19"><span class='ocrx_word' id='word_1_196' title='bbox 106 1828 373 1902; x_wconf 80' lang='lat' dir='ltr'><strong>declarabimus</strong></span> <span class='ocrx_word' id='word_1_197' title='bbox 397 1828 597 1901; x_wconf 83' lang='lat' dir='ltr'><strong>doctrinam</strong></span> <span class='ocrx_word' id='word_1_198' title='bbox 624 1828 863 1903; x_wconf 87' lang='lat' dir='ltr'><strong>Ecclesiarum</strong></span> <span class='ocrx_word' id='word_1_199' title='bbox 895 1847 1109 1916; x_wconf 87' lang='lat' dir='ltr'><strong>nostrarum,</strong></span> <span class='ocrx_word' id='word_1_200' title='bbox 1156 1845 1211 1903; x_wconf 91' lang='lat' dir='ltr'><strong>tea</strong></span> <span class='ocrx_word' id='word_1_201' title='bbox 1235 1827 1304 1904; x_wconf 92' lang='lat' dir='ltr'><strong>hoc</strong></span> <span class='ocrx_word' id='word_1_202' title='bbox 1325 1833 1497 1920; x_wconf 78' lang='lat' dir='ltr'><strong>voluisse,</strong></span> <span class='ocrx_word' id='word_1_203' title='bbox 1530 1846 1665 1904; x_wconf 91' lang='lat' dir='ltr'><strong>utnon</strong></span> <span class='ocrx_word' id='word_1_204' title='bbox 1687 1832 1805 1902; x_wconf 89' lang='lat' dir='ltr'><strong>nudae</strong></span> <span class='ocrx_word' id='word_1_205' title='bbox 1824 1828 2069 1900; x_wconf 88' lang='lat' dir='ltr'><strong>conclusiones</strong></span> <span class='ocrx_word' id='word_1_206' title='bbox 2089 1829 2152 1898; x_wconf 87' lang='lat' dir='ltr'><strong>sed</strong></span> 
     </span>
     <span class='ocr_line' id='line_1_17' title="bbox 106 1929 2185 2026; baseline -0.002 -21"><span class='ocrx_word' id='word_1_207' title='bbox 106 1947 151 2005; x_wconf 91' lang='lat' dir='ltr'><strong>nt</strong></span> <span class='ocrx_word' id='word_1_208' title='bbox 166 1935 212 2004; x_wconf 89' lang='lat' dir='ltr'><strong>de</strong></span> <span class='ocrx_word' id='word_1_209' title='bbox 227 1933 389 2003; x_wconf 90' lang='lat' dir='ltr'><strong>doctrina</strong></span> <span class='ocrx_word' id='word_1_210' title='bbox 408 1930 649 2003; x_wconf 85' lang='lat' dir='ltr'><strong>Ecclesiamm</strong></span> <span class='ocrx_word' id='word_1_211' title='bbox 663 1933 759 2005; x_wconf 85' lang='lat' dir='ltr'><strong>iuxta</strong></span> <span class='ocrx_word' id='word_1_212' title='bbox 776 1937 924 2006; x_wconf 87' lang='lat' dir='ltr'><strong>verbum</strong></span> <span class='ocrx_word' id='word_1_213' title='bbox 938 1933 1007 2006; x_wconf 91' lang='lat' dir='ltr'><strong>Dei</strong></span> <span class='ocrx_word' id='word_1_214' title='bbox 1021 1957 1109 2005; x_wconf 92' lang='lat' dir='ltr'><strong>con·</strong></span> <span class='ocrx_word' id='word_1_215' title='bbox 1158 1935 1266 2006; x_wconf 86' lang='lat' dir='ltr'><strong>totius</strong></span> <span class='ocrx_word' id='word_1_216' title='bbox 1288 1949 1455 2008; x_wconf 75' lang='lat' dir='ltr'><strong>tenuatus</strong></span> <span class='ocrx_word' id='word_1_217' title='bbox 1475 1947 1551 2006; x_wconf 87' lang='lat' dir='ltr'><strong>acta</strong></span> <span class='ocrx_word' id='word_1_218' title='bbox 1574 1935 1887 2026; x_wconf 88' lang='lat' dir='ltr'><strong>perscriberentur.</strong></span> <span class='ocrx_word' id='word_1_219' title='bbox 1937 1929 2035 2001; x_wconf 90' lang='lat' dir='ltr'><strong>Haec</strong></span> <span class='ocrx_word' id='word_1_220' title='bbox 2057 1930 2185 2000; x_wconf 65' lang='lat' dir='ltr'><strong>enim*</strong></span> 
     </span>
     <span class='ocr_line' id='line_1_18' title="bbox 108 2030 2154 2131; baseline -0.003 -23"><span class='ocrx_word' id='word_1_221' title='bbox 108 2035 289 2108; x_wconf 89' lang='lat' dir='ltr'><strong>stitueuda</strong></span> <span class='ocrx_word' id='word_1_222' title='bbox 305 2032 498 2106; x_wconf 88' lang='lat' dir='ltr'><strong>deliberari</strong></span> <span class='ocrx_word' id='word_1_223' title='bbox 514 2034 643 2127; x_wconf 88' lang='lat' dir='ltr'><strong>possit,</strong></span> <span class='ocrx_word' id='word_1_224' title='bbox 657 2084 662 2091; x_wconf 83' lang='lat'><em>·</em></span> <span class='ocrx_word' id='word_1_225' title='bbox 674 2059 739 2107; x_wconf 90' lang='lat' dir='ltr'><strong>nec</strong></span> <span class='ocrx_word' id='word_1_226' title='bbox 760 2037 875 2108; x_wconf 81' lang='lat' dir='ltr'><strong>officio</strong></span> <span class='ocrx_word' id='word_1_227' title='bbox 899 2052 1021 2109; x_wconf 89' lang='lat' dir='ltr'><strong>nostro</strong></span> <span class='ocrx_word' id='word_1_228' title='bbox 1044 2030 1107 2106; x_wconf 70' lang='lat' dir='ltr'><strong>de‘-</strong></span> <span class='ocrx_word' id='word_1_229' title='bbox 1156 2050 1242 2107; x_wconf 88' lang='lat' dir='ltr'><strong>sunt</strong></span> <span class='ocrx_word' id='word_1_230' title='bbox 1255 2038 1363 2108; x_wconf 79' lang='lat' dir='ltr'><strong>cerba</strong></span> <span class='ocrx_word' id='word_1_231' title='bbox 1378 2038 1587 2109; x_wconf 88' lang='lat' dir='ltr'><strong>iuramenti:</strong></span> <span class='ocrx_word' id='word_1_232' title='bbox 1614 2045 1654 2107; x_wconf 84' lang='lat' dir='ltr'><strong>ut</strong></span> <span class='ocrx_word' id='word_1_233' title='bbox 1668 2031 1795 2106; x_wconf 82' lang='lat' dir='ltr'><strong>omnia</strong></span> <span class='ocrx_word' id='word_1_234' title='bbox 1810 2042 1843 2104; x_wconf 87' lang='lat' dir='ltr'><strong>et</strong></span> <span class='ocrx_word' id='word_1_235' title='bbox 1856 2030 2032 2129; x_wconf 79' lang='lat' dir='ltr'><strong>singula,</strong></span> <span class='ocrx_word' id='word_1_236' title='bbox 2057 2052 2154 2131; x_wconf 81' lang='lat' dir='ltr'><strong>quae</strong></span> 
     </span>
     <span class='ocr_line' id='line_1_19' title="bbox 106 2129 2154 2243; baseline -0.003 -33"><span class='ocrx_word' id='word_1_237' title='bbox 106 2138 222 2243; x_wconf 67' lang='lat' dir='ltr'><strong>interi</strong></span> <span class='ocrx_word' id='word_1_238' title='bbox 235 2158 370 2208; x_wconf 89' lang='lat' dir='ltr'><strong>sumus.</strong></span> <span class='ocrx_word' id='word_1_239' title='bbox 421 2132 471 2207; x_wconf 91' lang='lat' dir='ltr'><strong>Ut</strong></span> <span class='ocrx_word' id='word_1_240' title='bbox 491 2152 611 2210; x_wconf 90' lang='lat' dir='ltr'><strong>autem</strong></span> <span class='ocrx_word' id='word_1_241' title='bbox 633 2137 819 2233; x_wconf 89' lang='lat' dir='ltr'><strong>plerasque</strong></span> <span class='ocrx_word' id='word_1_242' title='bbox 838 2140 927 2210; x_wconf 89' lang='lat' dir='ltr'><strong>alias</strong></span> <span class='ocrx_word' id='word_1_243' title='bbox 946 2138 1108 2210; x_wconf 83' lang='lat' dir='ltr'><strong>difficiles</strong></span> <span class='ocrx_word' id='word_1_244' title='bbox 1154 2146 1421 2236; x_wconf 83' lang='lat' dir='ltr'><strong>proponentur,</strong></span> <span class='ocrx_word' id='word_1_245' title='bbox 1449 2134 1619 2233; x_wconf 81' lang='lat' dir='ltr'><strong>fideliter</strong></span> <span class='ocrx_word' id='word_1_246' title='bbox 1649 2134 1893 2235; x_wconf 82' lang='lat' dir='ltr'><strong>perscribunt.</strong></span> <span class='ocrx_word' id='word_1_247' title='bbox 1954 2135 2005 2209; x_wconf 85' lang='lat' dir='ltr'><strong>Et</strong></span> <span class='ocrx_word' id='word_1_248' title='bbox 2014 2129 2057 2230; x_wconf 84' lang='lat'><strong>¹⁰)</strong></span> <span class='ocrx_word' id='word_1_249' title='bbox 2090 2156 2154 2204; x_wconf 87' lang='lat' dir='ltr'><strong>vos</strong></span> 
     </span>
     <span class='ocr_line' id='line_1_20' title="bbox 110 2236 2248 2335; baseline -0.002 -25"><span class='ocrx_word' id='word_1_250' title='bbox 110 2254 145 2312; x_wconf 90' lang='lat' dir='ltr'><strong>et</strong></span> <span class='ocrx_word' id='word_1_251' title='bbox 161 2238 307 2335; x_wconf 91' lang='lat' dir='ltr'><strong>iniquas</strong></span> <span class='ocrx_word' id='word_1_252' title='bbox 323 2237 567 2325; x_wconf 89' lang='lat' dir='ltr'><strong>conditiones,</strong></span> <span class='ocrx_word' id='word_1_253' title='bbox 598 2262 685 2334; x_wconf 87' lang='lat' dir='ltr'><strong>quas</strong></span> <span class='ocrx_word' id='word_1_254' title='bbox 703 2241 868 2333; x_wconf 82' lang='lat' dir='ltr'><strong>colligere</strong></span> <span class='ocrx_word' id='word_1_255' title='bbox 880 2242 1010 2313; x_wconf 88' lang='lat' dir='ltr'><strong>multas</strong></span> <span class='ocrx_word' id='word_1_256' title='bbox 1024 2263 1108 2333; x_wconf 90' lang='lat' dir='ltr'><strong>pos-</strong></span> <span class='ocrx_word' id='word_1_257' title='bbox 1156 2240 1320 2313; x_wconf 90' lang='lat' dir='ltr'><strong>omnium</strong></span> <span class='ocrx_word' id='word_1_258' title='bbox 1337 2254 1371 2312; x_wconf 91' lang='lat' dir='ltr'><strong>et</strong></span> <span class='ocrx_word' id='word_1_259' title='bbox 1389 2242 1611 2333; x_wconf 89' lang='lat' dir='ltr'><strong>singulorum</strong></span> <span class='ocrx_word' id='word_1_260' title='bbox 1629 2256 1788 2312; x_wconf 90' lang='lat' dir='ltr'><strong>actorum</strong></span> <span class='ocrx_word' id='word_1_261' title='bbox 1806 2238 1925 2332; x_wconf 91' lang='lat' dir='ltr'><strong>copias</strong></span> <span class='ocrx_word' id='word_1_262' title='bbox 1943 2236 2049 2307; x_wconf 92' lang='lat' dir='ltr'><strong>nobis</strong></span> <span class='ocrx_word' id='word_1_263' title='bbox 2068 2260 2153 2327; x_wconf 85' lang='lat' dir='ltr'><strong>pro-</strong></span> <span class='ocrx_word' id='word_1_264' title='bbox 2244 2310 2248 2318; x_wconf 69' lang='grc'><em>,</em></span> 
     </span>
     <span class='ocr_line' id='line_1_21' title="bbox 109 2334 2153 2438; baseline -0.003 -24"><span class='ocrx_word' id='word_1_265' title='bbox 109 2364 251 2427; x_wconf 80' lang='grc' dir='ltr'>ιιιιιιιιε,</span> <span class='ocrx_word' id='word_1_266' title='bbox 283 2334 409 2435; x_wconf 84' lang='lat' dir='ltr'><strong>iubae</strong></span> <span class='ocrx_word' id='word_1_267' title='bbox 428 2362 534 2411; x_wconf 87' lang='lat' dir='ltr'><strong>causa</strong></span> <span class='ocrx_word' id='word_1_268' title='bbox 552 2342 769 2435; x_wconf 87' lang='lat' dir='ltr'><strong>accepimus,</strong></span> <span class='ocrx_word' id='word_1_269' title='bbox 802 2357 843 2416; x_wconf 90' lang='lat' dir='ltr'><strong>ut</strong></span> <span class='ocrx_word' id='word_1_270' title='bbox 863 2344 951 2414; x_wconf 92' lang='lat' dir='ltr'><strong>boni</strong></span> <span class='ocrx_word' id='word_1_271' title='bbox 974 2343 1108 2415; x_wconf 90' lang='lat' dir='ltr'><strong>intelli·</strong></span> <span class='ocrx_word' id='word_1_272' title='bbox 1156 2344 1312 2415; x_wconf 87' lang='lat' dir='ltr'><strong>misistis.</strong></span> <span class='ocrx_word' id='word_1_273' title='bbox 1363 2342 1448 2415; x_wconf 91' lang='lat' dir='ltr'><strong>Ideo</strong></span> <span class='ocrx_word' id='word_1_274' title='bbox 1465 2369 1539 2414; x_wconf 92' lang='lat' dir='ltr'><strong>non</strong></span> <span class='ocrx_word' id='word_1_275' title='bbox 1557 2366 1743 2438; x_wconf 89' lang='lat' dir='ltr'><strong>possumus</strong></span> <span class='ocrx_word' id='word_1_276' title='bbox 1759 2337 1844 2414; x_wconf 92' lang='lat' dir='ltr'><strong>huic</strong></span> <span class='ocrx_word' id='word_1_277' title='bbox 1864 2340 2016 2412; x_wconf 88' lang='lat' dir='ltr'><strong>articulo</strong></span> <span class='ocrx_word' id='word_1_278' title='bbox 2039 2340 2153 2423; x_wconf 90' lang='lat' dir='ltr'><strong>aliter,</strong></span> 
     </span>
     <span class='ocr_line' id='line_1_22' title="bbox 77 2445 1786 2540; baseline 0.004 -27"><span class='ocrx_word' id='word_1_279' title='bbox 77 2458 80 2465; x_wconf 84' lang='grc'><em>“</em></span> <span class='ocrx_word' id='word_1_280' title='bbox 109 2467 191 2536; x_wconf 88' lang='lat' dir='ltr'><strong>gere</strong></span> <span class='ocrx_word' id='word_1_281' title='bbox 211 2455 376 2538; x_wconf 88' lang='lat' dir='ltr'><strong>possent,</strong></span> <span class='ocrx_word' id='word_1_282' title='bbox 409 2465 477 2511; x_wconf 89' lang='lat' dir='ltr'><strong>nos</strong></span> <span class='ocrx_word' id='word_1_283' title='bbox 497 2457 659 2536; x_wconf 83' lang='lat' dir='ltr'><strong>expetere</strong></span> <span class='ocrx_word' id='word_1_284' title='bbox 679 2446 859 2536; x_wconf 90' lang='lat' dir='ltr'><strong>publicam</strong></span> <span class='ocrx_word' id='word_1_285' title='bbox 881 2445 1107 2517; x_wconf 86' lang='lat' dir='ltr'><strong>concordiam</strong></span> <span class='ocrx_word' id='word_1_286' title='bbox 1156 2469 1263 2540; x_wconf 87' lang='lat' dir='ltr'><strong>quam</strong></span> <span class='ocrx_word' id='word_1_287' title='bbox 1278 2446 1499 2517; x_wconf 83' lang='lat' dir='ltr'><strong>iamdictam</strong></span> <span class='ocrx_word' id='word_1_288' title='bbox 1515 2461 1586 2532; x_wconf 89' lang='lat' dir='ltr'><strong>est,</strong></span> <span class='ocrx_word' id='word_1_289' title='bbox 1611 2445 1786 2519; x_wconf 85' lang='lat' dir='ltr'><strong>assentiri.</strong></span> 
     </span>
    </p>

    <p class='ocr_par' dir='ltr' id='par_1_7' title="bbox 108 2541 2212 3765">
     <span class='ocr_line' id='line_1_23' title="bbox 109 2541 2153 2644; baseline -0.003 -26"><span class='ocrx_word' id='word_1_290' title='bbox 109 2548 144 2617; x_wconf 81' lang='lat' dir='ltr'><strong>et</strong></span> <span class='ocrx_word' id='word_1_291' title='bbox 167 2544 484 2641; x_wconf 84' lang='lat' dir='ltr'><strong>tranquillitatem:</strong></span> <span class='ocrx_word' id='word_1_292' title='bbox 518 2544 570 2616; x_wconf 91' lang='lat' dir='ltr'><strong>ita</strong></span> <span class='ocrx_word' id='word_1_293' title='bbox 600 2559 635 2616; x_wconf 91' lang='lat' dir='ltr'><strong>et</strong></span> <span class='ocrx_word' id='word_1_294' title='bbox 666 2541 760 2618; x_wconf 90' lang='lat' dir='ltr'><strong>hanc</strong></span> <span class='ocrx_word' id='word_1_295' title='bbox 791 2549 956 2640; x_wconf 88' lang='lat' dir='ltr'><strong>publicae</strong></span> <span class='ocrx_word' id='word_1_296' title='bbox 983 2570 1109 2618; x_wconf 86' lang='lat' dir='ltr'><strong>causae</strong></span> <span class='ocrx_word' id='word_1_297' title='bbox 1257 2545 1458 2634; x_wconf 88' lang='lat' dir='ltr'><strong>Postremo,</strong></span> <span class='ocrx_word' id='word_1_298' title='bbox 1491 2549 1587 2644; x_wconf 89' lang='lat' dir='ltr'><strong>quod</strong></span> <span class='ocrx_word' id='word_1_299' title='bbox 1611 2547 1789 2618; x_wconf 87' lang='lat' dir='ltr'><strong>adiectum</strong></span> <span class='ocrx_word' id='word_1_300' title='bbox 1812 2560 1883 2631; x_wconf 90' lang='lat' dir='ltr'><strong>est,</strong></span> <span class='ocrx_word' id='word_1_301' title='bbox 1915 2557 1956 2616; x_wconf 91' lang='lat' dir='ltr'><strong>ut</strong></span> <span class='ocrx_word' id='word_1_302' title='bbox 1976 2542 2049 2615; x_wconf 91' lang='lat' dir='ltr'><strong>sint</strong></span> <span class='ocrx_word' id='word_1_303' title='bbox 2063 2541 2153 2627; x_wconf 80' lang='lat' dir='ltr'><strong>salvi</strong></span> 
     </span>
     <span class='ocr_line' id='line_1_24' title="bbox 110 2640 2151 2742; baseline -0.004 -22"><span class='ocrx_word' id='word_1_304' title='bbox 110 2647 397 2720; x_wconf 86' lang='lat' dir='ltr'><strong>condonabimus</strong></span> <span class='ocrx_word' id='word_1_305' title='bbox 410 2642 537 2718; x_wconf 90' lang='lat' dir='ltr'><strong>ctDeo</strong></span> <span class='ocrx_word' id='word_1_306' title='bbox 552 2648 823 2721; x_wconf 78' lang='lat' dir='ltr'><strong>committemus.</strong></span> <span class='ocrx_word' id='word_1_307' title='bbox 878 2649 950 2723; x_wconf 87' lang='lat' dir='ltr'><strong>Sed</strong></span> <span class='ocrx_word' id='word_1_308' title='bbox 970 2650 1019 2720; x_wconf 89' lang='lat' dir='ltr'><strong>ita</strong></span> <span class='ocrx_word' id='word_1_309' title='bbox 1039 2673 1108 2720; x_wconf 92' lang='lat' dir='ltr'><strong>nos</strong></span> <span class='ocrx_word' id='word_1_310' title='bbox 1156 2647 1330 2722; x_wconf 84' lang='lat' dir='ltr'><strong>Recessus</strong></span> <span class='ocrx_word' id='word_1_311' title='bbox 1353 2651 1577 2742; x_wconf 90' lang='lat' dir='ltr'><strong>superiorum</strong></span> <span class='ocrx_word' id='word_1_312' title='bbox 1601 2665 1840 2721; x_wconf 88' lang='lat' dir='ltr'><strong>conventuum</strong></span> <span class='ocrx_word' id='word_1_313' title='bbox 1852 2640 1919 2720; x_wconf 75' lang='lat' dir='ltr'><strong>&#39;etc</strong></span> <span class='ocrx_word' id='word_1_314' title='bbox 1938 2644 2151 2716; x_wconf 86' lang='lat' dir='ltr'><strong>assentimur</strong></span> 
     </span>
     <span class='ocr_line' id='line_1_25' title="bbox 109 2743 2153 2848; baseline -0.002 -27"><span class='ocrx_word' id='word_1_315' title='bbox 109 2743 395 2821; x_wconf 79' lang='lat' dir='ltr'><strong>offerimushuic</strong></span> <span class='ocrx_word' id='word_1_316' title='bbox 408 2748 657 2836; x_wconf 89' lang='lat' dir='ltr'><strong>collocutioni,</strong></span> <span class='ocrx_word' id='word_1_317' title='bbox 687 2766 730 2823; x_wconf 91' lang='lat' dir='ltr'><strong>ut</strong></span> <span class='ocrx_word' id='word_1_318' title='bbox 743 2752 876 2823; x_wconf 89' lang='lat' dir='ltr'><strong>nostris</strong></span> <span class='ocrx_word' id='word_1_319' title='bbox 889 2752 1046 2824; x_wconf 78' lang='lat' dir='ltr'><strong>liberum</strong></span> <span class='ocrx_word' id='word_1_320' title='bbox 1061 2751 1108 2823; x_wconf 90' lang='lat' dir='ltr'><strong>sit</strong></span> <span class='ocrx_word' id='word_1_321' title='bbox 1156 2753 1201 2824; x_wconf 91' lang='lat' dir='ltr'><strong>dc</strong></span> <span class='ocrx_word' id='word_1_322' title='bbox 1223 2753 1419 2823; x_wconf 87' lang='lat' dir='ltr'><strong>recessibus</strong></span> <span class='ocrx_word' id='word_1_323' title='bbox 1443 2752 1614 2848; x_wconf 88' lang='lat' dir='ltr'><strong>utrinque</strong></span> <span class='ocrx_word' id='word_1_324' title='bbox 1637 2751 1785 2843; x_wconf 87' lang='lat' dir='ltr'><strong>receptis</strong></span> <span class='ocrx_word' id='word_1_325' title='bbox 1807 2763 1843 2821; x_wconf 94' lang='lat' dir='ltr'><strong>et</strong></span> <span class='ocrx_word' id='word_1_326' title='bbox 1862 2771 1936 2818; x_wconf 92' lang='lat' dir='ltr'><strong>non</strong></span> <span class='ocrx_word' id='word_1_327' title='bbox 1960 2747 2080 2831; x_wconf 89' lang='lat' dir='ltr'><strong>aliter,</strong></span> <span class='ocrx_word' id='word_1_328' title='bbox 2118 2759 2153 2816; x_wconf 88' lang='lat' dir='ltr'><strong>et</strong></span> 
     </span>
     <span class='ocr_line' id='line_1_26' title="bbox 110 2842 2164 2947; baseline -0.002 -24"><span class='ocrx_word' id='word_1_329' title='bbox 110 2852 310 2946; x_wconf 86' lang='lat' dir='ltr'><strong>inpublico</strong></span> <span class='ocrx_word' id='word_1_330' title='bbox 329 2862 431 2922; x_wconf 89' lang='lat' dir='ltr'><strong>coetu</strong></span> <span class='ocrx_word' id='word_1_331' title='bbox 447 2850 563 2922; x_wconf 90' lang='lat' dir='ltr'><strong>dicere</strong></span> <span class='ocrx_word' id='word_1_332' title='bbox 580 2855 790 2936; x_wconf 88' lang='lat' dir='ltr'><strong>sententias,</strong></span> <span class='ocrx_word' id='word_1_333' title='bbox 820 2868 857 2926; x_wconf 90' lang='lat' dir='ltr'><strong>et</strong></span> <span class='ocrx_word' id='word_1_334' title='bbox 875 2878 921 2925; x_wconf 91' lang='lat' dir='ltr'><strong>ne</strong></span> <span class='ocrx_word' id='word_1_335' title='bbox 940 2855 978 2924; x_wconf 89' lang='lat' dir='ltr'><strong>id</strong></span> <span class='ocrx_word' id='word_1_336' title='bbox 998 2856 1108 2924; x_wconf 91' lang='lat' dir='ltr'><strong>dene-</strong></span> <span class='ocrx_word' id='word_1_337' title='bbox 1156 2855 1341 2925; x_wconf 82' lang='lat' dir='ltr'><strong>referimus</strong></span> <span class='ocrx_word' id='word_1_338' title='bbox 1371 2879 1438 2926; x_wconf 90' lang='lat' dir='ltr'><strong>nos</strong></span> <span class='ocrx_word' id='word_1_339' title='bbox 1466 2856 1510 2924; x_wconf 89' lang='lat' dir='ltr'><strong>ad</strong></span> <span class='ocrx_word' id='word_1_340' title='bbox 1541 2854 1738 2947; x_wconf 88' lang='lat' dir='ltr'><strong>superiores</strong></span> <span class='ocrx_word' id='word_1_341' title='bbox 1764 2850 2047 2945; x_wconf 83' lang='lat' dir='ltr'><strong>protestationes.</strong></span> <span class='ocrx_word' id='word_1_342' title='bbox 2104 2842 2164 2918; x_wconf 82' lang='lat' dir='ltr'><strong>Et·</strong></span> 
     </span>
     <span class='ocr_line' id='line_1_27' title="bbox 109 2948 2152 3052; baseline -0.004 -25"><span class='ocrx_word' id='word_1_343' title='bbox 109 2969 212 3047; x_wconf 87' lang='lat' dir='ltr'><strong>getur</strong></span> <span class='ocrx_word' id='word_1_344' title='bbox 237 2953 307 3039; x_wconf 88' lang='lat' dir='ltr'><strong>eis,</strong></span> <span class='ocrx_word' id='word_1_345' title='bbox 346 2976 458 3047; x_wconf 91' lang='lat' dir='ltr'><strong>quum</strong></span> <span class='ocrx_word' id='word_1_346' title='bbox 488 2974 525 3023; x_wconf 90' lang='lat' dir='ltr'><strong>se</strong></span> <span class='ocrx_word' id='word_1_347' title='bbox 551 2955 670 3024; x_wconf 90' lang='lat' dir='ltr'><strong>audiri</strong></span> <span class='ocrx_word' id='word_1_348' title='bbox 702 2970 841 3049; x_wconf 88' lang='lat' dir='ltr'><strong>petant,</strong></span> <span class='ocrx_word' id='word_1_349' title='bbox 878 2956 970 3028; x_wconf 90' lang='lat' dir='ltr'><strong>sicut</strong></span> <span class='ocrx_word' id='word_1_350' title='bbox 1000 2957 1105 3027; x_wconf 85' lang='lat' dir='ltr'><strong>etiarn</strong></span> <span class='ocrx_word' id='word_1_351' title='bbox 1157 2958 1253 3052; x_wconf 91' lang='lat' dir='ltr'><strong>quod</strong></span> <span class='ocrx_word' id='word_1_352' title='bbox 1276 2958 1322 3026; x_wconf 89' lang='lat' dir='ltr'><strong>ad</strong></span> <span class='ocrx_word' id='word_1_353' title='bbox 1335 2957 1599 3028; x_wconf 84' lang='lat' dir='ltr'><strong>declarationes</strong></span> <span class='ocrx_word' id='word_1_354' title='bbox 1615 2957 1739 3028; x_wconf 89' lang='lat' dir='ltr'><strong>attinet</strong></span> <span class='ocrx_word' id='word_1_355' title='bbox 1753 2952 1906 3025; x_wconf 86' lang='lat' dir='ltr'><strong>illustris</strong></span> <span class='ocrx_word' id='word_1_356' title='bbox 1919 2948 2025 3025; x_wconf 89' lang='lat' dir='ltr'><strong>Dom.</strong></span> <span class='ocrx_word' id='word_1_357' title='bbox 2040 2948 2152 3021; x_wconf 89' lang='lat' dir='ltr'><strong>Com·</strong></span> 
     </span>
     <span class='ocr_line' id='line_1_28' title="bbox 109 3049 2212 3153; baseline 0 -26"><span class='ocrx_word' id='word_1_358' title='bbox 109 3056 280 3127; x_wconf 89' lang='lat' dir='ltr'><strong>omnibus</strong></span> <span class='ocrx_word' id='word_1_359' title='bbox 302 3054 342 3124; x_wconf 90' lang='lat' dir='ltr'><strong>in</strong></span> <span class='ocrx_word' id='word_1_360' title='bbox 364 3054 474 3125; x_wconf 89' lang='lat' dir='ltr'><strong>altera</strong></span> <span class='ocrx_word' id='word_1_361' title='bbox 497 3069 597 3147; x_wconf 86' lang='lat' dir='ltr'><strong>parte</strong></span> <span class='ocrx_word' id='word_1_362' title='bbox 606 3049 828 3152; x_wconf 54' lang='lat' dir='ltr'><strong>,squautum</strong></span> <span class='ocrx_word' id='word_1_363' title='bbox 852 3058 892 3128; x_wconf 91' lang='lat' dir='ltr'><strong>in</strong></span> <span class='ocrx_word' id='word_1_364' title='bbox 916 3058 1022 3129; x_wconf 90' lang='lat' dir='ltr'><strong>nobis</strong></span> <span class='ocrx_word' id='word_1_365' title='bbox 1045 3069 1107 3144; x_wconf 88' lang='lat' dir='ltr'><strong>est,</strong></span> <span class='ocrx_word' id='word_1_366' title='bbox 1157 3058 1329 3145; x_wconf 89' lang='lat' dir='ltr'><strong>missarii,</strong></span> <span class='ocrx_word' id='word_1_367' title='bbox 1361 3083 1419 3145; x_wconf 88' lang='lat' dir='ltr'><strong>ea,</strong></span> <span class='ocrx_word' id='word_1_368' title='bbox 1450 3082 1540 3153; x_wconf 90' lang='lat' dir='ltr'><strong>quae</strong></span> <span class='ocrx_word' id='word_1_369' title='bbox 1561 3054 1717 3128; x_wconf 88' lang='lat' dir='ltr'><strong>vicissim</strong></span> <span class='ocrx_word' id='word_1_370' title='bbox 1739 3071 1860 3128; x_wconf 85' lang='lat' dir='ltr'><strong>nostra</strong></span> <span class='ocrx_word' id='word_1_371' title='bbox 1883 3053 2069 3124; x_wconf 89' lang='lat' dir='ltr'><strong>necessitas</strong></span> <span class='ocrx_word' id='word_1_372' title='bbox 2087 3076 2152 3145; x_wconf 81' lang='lat' dir='ltr'><strong>po·</strong></span> <span class='ocrx_word' id='word_1_373' title='bbox 2208 3120 2212 3128; x_wconf 90' lang='lat'><strong>.</strong></span> 
     </span>
     <span class='ocr_line' id='line_1_29' title="bbox 109 3150 2151 3252; baseline -0.003 -23"><span class='ocrx_word' id='word_1_374' title='bbox 109 3158 265 3229; x_wconf 90' lang='lat' dir='ltr'><strong>liberum</strong></span> <span class='ocrx_word' id='word_1_375' title='bbox 287 3152 358 3227; x_wconf 91' lang='lat' dir='ltr'><strong>boc</strong></span> <span class='ocrx_word' id='word_1_376' title='bbox 381 3157 616 3250; x_wconf 86' lang='lat' dir='ltr'><strong>relinquimus</strong></span> <span class='ocrx_word' id='word_1_377' title='bbox 638 3173 673 3230; x_wconf 91' lang='lat' dir='ltr'><strong>et</strong></span> <span class='ocrx_word' id='word_1_378' title='bbox 694 3158 840 3230; x_wconf 88' lang='lat' dir='ltr'><strong>concedi</strong></span> <span class='ocrx_word' id='word_1_379' title='bbox 860 3175 962 3232; x_wconf 88' lang='lat' dir='ltr'><strong>autea</strong></span> <span class='ocrx_word' id='word_1_380' title='bbox 977 3160 1106 3251; x_wconf 87' lang='lat' dir='ltr'><strong>petivi·</strong></span> <span class='ocrx_word' id='word_1_381' title='bbox 1157 3161 1321 3247; x_wconf 89' lang='lat' dir='ltr'><strong>stulabit,</strong></span> <span class='ocrx_word' id='word_1_382' title='bbox 1360 3161 1726 3234; x_wconf 89' lang='lat' dir='ltr'><strong>commemorabimus.</strong></span> <span class='ocrx_word' id='word_1_383' title='bbox 1783 3154 1903 3252; x_wconf 87' lang='lat' dir='ltr'><strong>Atque</strong></span> <span class='ocrx_word' id='word_1_384' title='bbox 1924 3150 2012 3225; x_wconf 89' lang='lat' dir='ltr'><strong>haec</strong></span> <span class='ocrx_word' id='word_1_385' title='bbox 2031 3156 2076 3223; x_wconf 90' lang='lat' dir='ltr'><strong>ad</strong></span> <span class='ocrx_word' id='word_1_386' title='bbox 2098 3177 2151 3234; x_wconf 87' lang='lat' dir='ltr'><strong>ea,</strong></span> 
     </span>
     <span class='ocr_line' id='line_1_30' title="bbox 109 3256 2151 3356; baseline -0.003 -25"><span class='ocrx_word' id='word_1_387' title='bbox 109 3282 189 3331; x_wconf 86' lang='lat' dir='ltr'><strong>mus</strong></span> <span class='ocrx_word' id='word_1_388' title='bbox 203 3272 239 3330; x_wconf 91' lang='lat' dir='ltr'><strong>et</strong></span> <span class='ocrx_word' id='word_1_389' title='bbox 253 3282 352 3329; x_wconf 91' lang='lat' dir='ltr'><strong>nunc</strong></span> <span class='ocrx_word' id='word_1_390' title='bbox 365 3283 507 3353; x_wconf 90' lang='lat' dir='ltr'><strong>quoque</strong></span> <span class='ocrx_word' id='word_1_391' title='bbox 520 3259 687 3352; x_wconf 90' lang='lat' dir='ltr'><strong>petimus.</strong></span> <span class='ocrx_word' id='word_1_392' title='bbox 738 3260 846 3352; x_wconf 85' lang='lat' dir='ltr'><strong>Quod</strong></span> <span class='ocrx_word' id='word_1_393' title='bbox 864 3286 949 3333; x_wconf 87' lang='lat' dir='ltr'><strong>vcro</strong></span> <span class='ocrx_word' id='word_1_394' title='bbox 965 3261 1119 3346; x_wconf 73' lang='lat' dir='ltr'><strong>dicitur,</strong></span> <span class='ocrx_word' id='word_1_395' title='bbox 1157 3286 1248 3356; x_wconf 90' lang='lat' dir='ltr'><strong>quae</strong></span> <span class='ocrx_word' id='word_1_396' title='bbox 1285 3263 1392 3334; x_wconf 90' lang='lat' dir='ltr'><strong>nobis</strong></span> <span class='ocrx_word' id='word_1_397' title='bbox 1424 3264 1582 3354; x_wconf 85' lang='lat' dir='ltr'><strong>proxime</strong></span> <span class='ocrx_word' id='word_1_398' title='bbox 1616 3260 1864 3356; x_wconf 89' lang='lat' dir='ltr'><strong>proposuistis,</strong></span> <span class='ocrx_word' id='word_1_399' title='bbox 1904 3256 2151 3351; x_wconf 88' lang='lat' dir='ltr'><strong>respondenda</strong></span> 
     </span>
     <span class='ocr_line' id='line_1_31' title="bbox 109 3354 2151 3454; baseline -0 -21"><span class='ocrx_word' id='word_1_400' title='bbox 109 3361 245 3433; x_wconf 90' lang='lat' dir='ltr'><strong>minori</strong></span> <span class='ocrx_word' id='word_1_401' title='bbox 259 3359 353 3454; x_wconf 92' lang='lat' dir='ltr'><strong>parti</strong></span> <span class='ocrx_word' id='word_1_402' title='bbox 368 3362 536 3447; x_wconf 90' lang='lat' dir='ltr'><strong>concedi,</strong></span> <span class='ocrx_word' id='word_1_403' title='bbox 559 3375 601 3434; x_wconf 92' lang='lat' dir='ltr'><strong>ut</strong></span> <span class='ocrx_word' id='word_1_404' title='bbox 614 3357 742 3434; x_wconf 88' lang='lat' dir='ltr'><strong>babeat</strong></span> <span class='ocrx_word' id='word_1_405' title='bbox 755 3365 954 3435; x_wconf 87' lang='lat' dir='ltr'><strong>libertatem</strong></span> <span class='ocrx_word' id='word_1_406' title='bbox 968 3366 1106 3435; x_wconf 89' lang='lat' dir='ltr'><strong>dissen·</strong></span> <span class='ocrx_word' id='word_1_407' title='bbox 1156 3363 1340 3451; x_wconf 85' lang='lat' dir='ltr'><strong>duximus,</strong></span> <span class='ocrx_word' id='word_1_408' title='bbox 1365 3388 1405 3435; x_wconf 93' lang='lat' dir='ltr'><strong>ac</strong></span> <span class='ocrx_word' id='word_1_409' title='bbox 1421 3388 1586 3454; x_wconf 88' lang='lat' dir='ltr'><strong>rogamus</strong></span> <span class='ocrx_word' id='word_1_410' title='bbox 1602 3388 1647 3433; x_wconf 91' lang='lat' dir='ltr'><strong>ne</strong></span> <span class='ocrx_word' id='word_1_411' title='bbox 1665 3385 1768 3433; x_wconf 89' lang='lat' dir='ltr'><strong>causa</strong></span> <span class='ocrx_word' id='word_1_412' title='bbox 1783 3360 1920 3431; x_wconf 89' lang='lat' dir='ltr'><strong>diutius</strong></span> <span class='ocrx_word' id='word_1_413' title='bbox 1935 3354 2151 3432; x_wconf 80' lang='lat' dir='ltr'><strong>extrahatur.</strong></span> 
     </span>
     <span class='ocr_line' id='line_1_32' title="bbox 108 3452 2099 3563; baseline -0.005 -26"><span class='ocrx_word' id='word_1_414' title='bbox 108 3462 261 3537; x_wconf 89' lang='lat' dir='ltr'><strong>tiendia</strong></span> <span class='ocrx_word' id='word_1_415' title='bbox 283 3462 446 3546; x_wconf 87' lang='lat' dir='ltr'><strong>caeteris,</strong></span> <span class='ocrx_word' id='word_1_416' title='bbox 473 3464 544 3536; x_wconf 90' lang='lat' dir='ltr'><strong>nisi</strong></span> <span class='ocrx_word' id='word_1_417' title='bbox 559 3462 728 3536; x_wconf 91' lang='lat' dir='ltr'><strong>Caesarea</strong></span> <span class='ocrx_word' id='word_1_418' title='bbox 744 3464 913 3539; x_wconf 88' lang='lat' dir='ltr'><strong>Maiestas</strong></span> <span class='ocrx_word' id='word_1_419' title='bbox 935 3480 970 3537; x_wconf 90' lang='lat' dir='ltr'><strong>et</strong></span> <span class='ocrx_word' id='word_1_420' title='bbox 985 3465 1106 3539; x_wconf 88' lang='lat' dir='ltr'><strong>Status</strong></span> <span class='ocrx_word' id='word_1_421' title='bbox 1386 3456 1620 3563; x_wconf 80' lang='lat' dir='ltr'><strong>Principum,</strong></span> <span class='ocrx_word' id='word_1_422' title='bbox 1650 3459 1825 3534; x_wconf 81' lang='lat' dir='ltr'><strong>Statuam</strong></span> <span class='ocrx_word' id='word_1_423' title='bbox 1844 3469 1876 3532; x_wconf 87' lang='lat' dir='ltr'><strong>et</strong></span> <span class='ocrx_word' id='word_1_424' title='bbox 1893 3452 2099 3532; x_wconf 77' lang='lat' dir='ltr'><strong>Civitatem</strong></span> 
     </span>
     <span class='ocr_line' id='line_1_33' title="bbox 109 3557 2102 3666; baseline -0.003 -28"><span class='ocrx_word' id='word_1_425' title='bbox 109 3563 259 3659; x_wconf 85' lang='lat' dir='ltr'><strong>imperii</strong></span> <span class='ocrx_word' id='word_1_426' title='bbox 274 3565 532 3658; x_wconf 86' lang='lat' dir='ltr'><strong>pronuncient,</strong></span> <span class='ocrx_word' id='word_1_427' title='bbox 563 3579 623 3652; x_wconf 92' lang='lat' dir='ltr'><strong>ut,</strong></span> <span class='ocrx_word' id='word_1_428' title='bbox 655 3567 747 3639; x_wconf 89' lang='lat' dir='ltr'><strong>sicut</strong></span> <span class='ocrx_word' id='word_1_429' title='bbox 769 3568 955 3653; x_wconf 84' lang='lat' dir='ltr'><strong>convenit,</strong></span> <span class='ocrx_word' id='word_1_430' title='bbox 987 3590 1106 3638; x_wconf 88' lang='lat' dir='ltr'><strong>assen-</strong></span> <span class='ocrx_word' id='word_1_431' title='bbox 1386 3557 2102 3666; x_wconf 78' lang='lat' dir='ltr'><strong>AugustanusConfessionisConsiliu·</strong></span> 
     </span>
     <span class='ocr_line' id='line_1_34' title="bbox 108 3662 1883 3765; baseline -0.002 -25"><span class='ocrx_word' id='word_1_432' title='bbox 108 3669 248 3751; x_wconf 75' lang='lat' dir='ltr'><strong>tiamm</strong></span> <span class='ocrx_word' id='word_1_433' title='bbox 268 3667 449 3759; x_wconf 88' lang='lat' dir='ltr'><strong>pluribus,</strong></span> <span class='ocrx_word' id='word_1_434' title='bbox 481 3662 550 3738; x_wconf 93' lang='lat' dir='ltr'><strong>boc</strong></span> <span class='ocrx_word' id='word_1_435' title='bbox 572 3668 612 3736; x_wconf 89' lang='lat' dir='ltr'><strong>in</strong></span> <span class='ocrx_word' id='word_1_436' title='bbox 637 3668 749 3741; x_wconf 67' lang='lat' dir='ltr'><strong>caussis</strong></span> <span class='ocrx_word' id='word_1_437' title='bbox 765 3670 952 3761; x_wconf 81' lang='lat' dir='ltr'><strong>religionis</strong></span> <span class='ocrx_word' id='word_1_438' title='bbox 975 3672 1104 3741; x_wconf 90' lang='lat' dir='ltr'><strong>durum</strong></span> <span class='ocrx_word' id='word_1_439' title='bbox 1385 3668 1453 3755; x_wconf 86' lang='lat' dir='ltr'><strong>rii,</strong></span> <span class='ocrx_word' id='word_1_440' title='bbox 1478 3666 1627 3746; x_wconf 86' lang='lat' dir='ltr'><strong>Nuncii</strong></span> <span class='ocrx_word' id='word_1_441' title='bbox 1639 3679 1670 3741; x_wconf 83' lang='lat' dir='ltr'><strong>et</strong></span> <span class='ocrx_word' id='word_1_442' title='bbox 1683 3663 1834 3765; x_wconf 81' lang='lat' dir='ltr'><strong>Legati.</strong></span> <span class='ocrx_word' id='word_1_443' title='bbox 1845 3664 1883 3765; x_wconf 86' lang='lat'><strong>¹¹)</strong></span> 
     </span>
    </p>

    <p class='ocr_par' dir='ltr' id='par_1_8' title="bbox 109 3766 1105 3866">
     <span class='ocr_line' id='line_1_35' title="bbox 109 3766 1105 3866; baseline 0 -24"><span class='ocrx_word' id='word_1_444' title='bbox 109 3766 335 3842; x_wconf 83' lang='lat' dir='ltr'><strong>etiniustum</strong></span> <span class='ocrx_word' id='word_1_445' title='bbox 352 3784 423 3854; x_wconf 92' lang='lat' dir='ltr'><strong>est,</strong></span> <span class='ocrx_word' id='word_1_446' title='bbox 456 3769 494 3838; x_wconf 92' lang='lat' dir='ltr'><strong>in</strong></span> <span class='ocrx_word' id='word_1_447' title='bbox 519 3769 649 3863; x_wconf 88' lang='lat' dir='ltr'><strong>quibus</strong></span> <span class='ocrx_word' id='word_1_448' title='bbox 671 3772 883 3866; x_wconf 90' lang='lat' dir='ltr'><strong>inquirenda</strong></span> <span class='ocrx_word' id='word_1_449' title='bbox 907 3785 959 3843; x_wconf 91' lang='lat' dir='ltr'><strong>est</strong></span> <span class='ocrx_word' id='word_1_450' title='bbox 974 3772 1105 3844; x_wconf 84' lang='lat' dir='ltr'><strong>veritas</strong></span> 
     </span>
    </p>

    <p class='ocr_par' dir='ltr' id='par_1_9' title="bbox 109 3868 1105 3961">
     <span class='ocr_line' id='line_1_36' title="bbox 109 3868 1105 3961; baseline -0.001 -17"><span class='ocrx_word' id='word_1_451' title='bbox 109 3897 149 3944; x_wconf 86' lang='lat' dir='ltr'><strong>cx</strong></span> <span class='ocrx_word' id='word_1_452' title='bbox 166 3870 279 3941; x_wconf 76' lang='lat' dir='ltr'><strong>serbo</strong></span> <span class='ocrx_word' id='word_1_453' title='bbox 293 3868 379 3951; x_wconf 88' lang='lat' dir='ltr'><strong>Dei,</strong></span> <span class='ocrx_word' id='word_1_454' title='bbox 405 3896 470 3942; x_wconf 92' lang='lat' dir='ltr'><strong>nec</strong></span> <span class='ocrx_word' id='word_1_455' title='bbox 485 3874 633 3961; x_wconf 87' lang='lat' dir='ltr'><strong>cogendi</strong></span> <span class='ocrx_word' id='word_1_456' title='bbox 647 3888 732 3944; x_wconf 88' lang='lat' dir='ltr'><strong>sunt</strong></span> <span class='ocrx_word' id='word_1_457' title='bbox 749 3870 921 3959; x_wconf 88' lang='lat' dir='ltr'><strong>homines,</strong></span> <span class='ocrx_word' id='word_1_458' title='bbox 946 3888 997 3960; x_wconf 83' lang='lat' dir='ltr'><strong>ut,</strong></span> <span class='ocrx_word' id='word_1_459' title='bbox 1019 3898 1105 3944; x_wconf 92' lang='lat' dir='ltr'><strong>con-</strong></span> 
     </span>
    </p>

    <p class='ocr_par' dir='ltr' id='par_1_10' title="bbox 106 3972 2178 4682">
     <span class='ocr_line' id='line_1_37' title="bbox 108 3972 2123 4089; baseline 0.001 -43"><span class='ocrx_word' id='word_1_460' title='bbox 108 3989 162 4046; x_wconf 87' lang='lat' dir='ltr'><strong>tra</strong></span> <span class='ocrx_word' id='word_1_461' title='bbox 188 3972 443 4045; x_wconf 85' lang='lat' dir='ltr'><strong>conscientiam</strong></span> <span class='ocrx_word' id='word_1_462' title='bbox 464 3987 559 4044; x_wconf 87' lang='lat' dir='ltr'><strong>recte</strong></span> <span class='ocrx_word' id='word_1_463' title='bbox 579 3974 779 4046; x_wconf 89' lang='lat' dir='ltr'><strong>institutam</strong></span> <span class='ocrx_word' id='word_1_464' title='bbox 803 3999 844 4046; x_wconf 83' lang='lat' dir='ltr'><strong>ex</strong></span> <span class='ocrx_word' id='word_1_465' title='bbox 869 3989 964 4047; x_wconf 89' lang='lat' dir='ltr'><strong>certo</strong></span> <span class='ocrx_word' id='word_1_466' title='bbox 993 3976 1103 4047; x_wconf 85' lang='lat' dir='ltr'><strong>verbo</strong></span> <span class='ocrx_word' id='word_1_467' title='bbox 1154 4015 1210 4087; x_wconf 65' lang='lat' dir='ltr'><strong>No</strong></span> <span class='ocrx_word' id='word_1_468' title='bbox 1235 4016 1337 4089; x_wconf 65' lang='lat'><strong>2116</strong></span> <span class='ocrx_word' id='word_1_469' title='bbox 2018 4025 2038 4089; x_wconf 78' lang='lat'>5</span> <span class='ocrx_word' id='word_1_470' title='bbox 2072 4019 2123 4082; x_wconf 61' lang='lat' dir='ltr'><strong>h„</strong></span> 
     </span>
     <span class='ocr_line' id='line_1_38' title="bbox 107 4066 2143 4170; baseline -0.003 -22"><span class='ocrx_word' id='word_1_471' title='bbox 107 4070 196 4160; x_wconf 89' lang='lat' dir='ltr'><strong>Dei,</strong></span> <span class='ocrx_word' id='word_1_472' title='bbox 222 4075 302 4145; x_wconf 85' lang='lat' dir='ltr'><strong>sdiis</strong></span> <span class='ocrx_word' id='word_1_473' title='bbox 317 4075 572 4150; x_wconf 82' lang='lat' dir='ltr'><strong>adsentiantur.</strong></span> <span class='ocrx_word' id='word_1_474' title='bbox 622 4074 715 4146; x_wconf 90' lang='lat' dir='ltr'><strong>Nam</strong></span> <span class='ocrx_word' id='word_1_475' title='bbox 735 4092 876 4170; x_wconf 88' lang='lat' dir='ltr'><strong>oportet</strong></span> <span class='ocrx_word' id='word_1_476' title='bbox 895 4074 973 4148; x_wconf 92' lang='lat' dir='ltr'><strong>Dco</strong></span> <span class='ocrx_word' id='word_1_477' title='bbox 995 4079 1105 4168; x_wconf 86' lang='lat' dir='ltr'><strong>magis</strong></span> <span class='ocrx_word' id='word_1_478' title='bbox 1161 4066 1350 4145; x_wconf 44' lang='grc' dir='ltr'><strong>»ἔην’</strong></span> <span class='ocrx_word' id='word_1_479' title='bbox 2003 4067 2143 4139; x_wconf 41' lang='lat' dir='ltr'><strong>..iv-3</strong></span> 
     </span>
     <span class='ocr_line' id='line_1_39' title="bbox 107 4173 2058 4301; baseline 0.001 -54"><span class='ocrx_word' id='word_1_480' title='bbox 107 4177 257 4248; x_wconf 88' lang='lat' dir='ltr'><strong>obedire</strong></span> <span class='ocrx_word' id='word_1_481' title='bbox 274 4200 381 4270; x_wconf 87' lang='lat' dir='ltr'><strong>quam</strong></span> <span class='ocrx_word' id='word_1_482' title='bbox 397 4173 618 4252; x_wconf 90' lang='lat' dir='ltr'><strong>homiuibus.</strong></span> <span class='ocrx_word' id='word_1_483' title='bbox 670 4177 755 4250; x_wconf 90' lang='lat' dir='ltr'><strong>Ideo</strong></span> <span class='ocrx_word' id='word_1_484' title='bbox 776 4179 830 4248; x_wconf 90' lang='lat' dir='ltr'><strong>illi</strong></span> <span class='ocrx_word' id='word_1_485' title='bbox 849 4179 1043 4272; x_wconf 89' lang='lat' dir='ltr'><strong>particulae</strong></span> <span class='ocrx_word' id='word_1_486' title='bbox 1064 4181 1103 4249; x_wconf 92' lang='lat' dir='ltr'><strong>in</strong></span> <span class='ocrx_word' id='word_1_487' title='bbox 1305 4184 1521 4272; x_wconf 63' lang='lat' dir='ltr'><strong>oggandgr</strong></span> <span class='ocrx_word' id='word_1_488' title='bbox 1539 4184 1601 4270; x_wconf 72' lang='lat' dir='ltr'><strong>ad</strong></span> <span class='ocrx_word' id='word_1_489' title='bbox 1617 4185 1997 4301; x_wconf 63' lang='lat' dir='ltr'><strong>Norinbergengeg,</strong></span> <span class='ocrx_word' id='word_1_490' title='bbox 2053 4194 2058 4207; x_wconf 94' lang='lat'><em>&#39;</em></span> 
     </span>
     <span class='ocr_line' id='line_1_40' title="bbox 106 4278 2178 4370; baseline 0.001 -19"><span class='ocrx_word' id='word_1_491' title='bbox 106 4280 224 4351; x_wconf 76' lang='lat' dir='ltr'><strong>tonna</strong></span> <span class='ocrx_word' id='word_1_492' title='bbox 235 4301 302 4348; x_wconf 91' lang='lat' dir='ltr'><strong>nos</strong></span> <span class='ocrx_word' id='word_1_493' title='bbox 310 4278 480 4370; x_wconf 85' lang='lat' dir='ltr'><strong>refragari</strong></span> <span class='ocrx_word' id='word_1_494' title='bbox 492 4303 632 4351; x_wconf 90' lang='lat' dir='ltr'><strong>necesse</strong></span> <span class='ocrx_word' id='word_1_495' title='bbox 645 4294 708 4354; x_wconf 89' lang='lat' dir='ltr'><strong>est.</strong></span> <span class='ocrx_word' id='word_1_496' title='bbox 735 4279 778 4351; x_wconf 91' lang='lat' dir='ltr'><strong>In</strong></span> <span class='ocrx_word' id='word_1_497' title='bbox 789 4283 943 4352; x_wconf 90' lang='lat' dir='ltr'><strong>secundo</strong></span> <span class='ocrx_word' id='word_1_498' title='bbox 953 4282 1102 4352; x_wconf 90' lang='lat' dir='ltr'><strong>articulo</strong></span> <span class='ocrx_word' id='word_1_499' title='bbox 1587 4354 1599 4369; x_wconf 50' lang='lat'><strong>„</strong></span> <span class='ocrx_word' id='word_1_500' title='bbox 2175 4282 2178 4287; x_wconf 65' lang='grc'>’</span> 
     </span>
     <span class='ocr_line' id='line_1_41' title="bbox 106 4362 2149 4503; baseline 0.017 -51"><span class='ocrx_word' id='word_1_501' title='bbox 106 4382 254 4466; x_wconf 87' lang='lat' dir='ltr'><strong>dicitur,</strong></span> <span class='ocrx_word' id='word_1_502' title='bbox 267 4388 344 4450; x_wconf 87' lang='lat' dir='ltr'><strong>non</strong></span> <span class='ocrx_word' id='word_1_503' title='bbox 353 4395 558 4472; x_wconf 86' lang='lat' dir='ltr'><strong>argumenta</strong></span> <span class='ocrx_word' id='word_1_504' title='bbox 572 4385 631 4453; x_wconf 92' lang='lat' dir='ltr'><strong>sed</strong></span> <span class='ocrx_word' id='word_1_505' title='bbox 641 4395 778 4453; x_wconf 83' lang='lat' dir='ltr'><strong>tantssm</strong></span> <span class='ocrx_word' id='word_1_506' title='bbox 789 4383 1045 4468; x_wconf 88' lang='lat' dir='ltr'><strong>conclusiones,</strong></span> <span class='ocrx_word' id='word_1_507' title='bbox 1058 4385 1103 4454; x_wconf 90' lang='lat' dir='ltr'><strong>dc</strong></span> <span class='ocrx_word' id='word_1_508' title='bbox 1221 4366 1307 4490; x_wconf 53' lang='grc' dir='ltr'>Ἢ</span> <span class='ocrx_word' id='word_1_509' title='bbox 1320 4362 2095 4502; x_wconf 41' lang='lat' dir='ltr'><strong>f,hffi‘ffli‘&#39;Qniig&#39;fi‘i&#39;iidiissiiiid&#39;nidi&#39;idiii</strong></span> <span class='ocrx_word' id='word_1_510' title='bbox 2108 4362 2149 4503; x_wconf 59' lang='lat' dir='ltr'><strong>sii</strong></span> 
     </span>
     <span class='ocr_line' id='line_1_42' title="bbox 106 4475 2094 4580; baseline 0.003 -27"><span class='ocrx_word' id='word_1_511' title='bbox 106 4480 241 4579; x_wconf 80' lang='lat' dir='ltr'><strong>quibus</strong></span> <span class='ocrx_word' id='word_1_512' title='bbox 270 4481 366 4552; x_wconf 91' lang='lat' dir='ltr'><strong>inter</strong></span> <span class='ocrx_word' id='word_1_513' title='bbox 385 4494 503 4576; x_wconf 89' lang='lat' dir='ltr'><strong>partes</strong></span> <span class='ocrx_word' id='word_1_514' title='bbox 523 4486 710 4556; x_wconf 90' lang='lat' dir='ltr'><strong>conveniet</strong></span> <span class='ocrx_word' id='word_1_515' title='bbox 731 4486 788 4555; x_wconf 92' lang='lat' dir='ltr'><strong>vel</strong></span> <span class='ocrx_word' id='word_1_516' title='bbox 807 4509 882 4554; x_wconf 92' lang='lat' dir='ltr'><strong>non</strong></span> <span class='ocrx_word' id='word_1_517' title='bbox 903 4487 1104 4572; x_wconf 76' lang='lat' dir='ltr'><strong>conveniet,</strong></span> <span class='ocrx_word' id='word_1_518' title='bbox 1256 4475 1391 4578; x_wconf 72' lang='lat' dir='ltr'><strong>p.sst.&#39;</strong></span> <span class='ocrx_word' id='word_1_519' title='bbox 1463 4475 1472 4492; x_wconf 67' lang='lat'><strong>⁹</strong></span> <span class='ocrx_word' id='word_1_520' title='bbox 2039 4544 2047 4556; x_wconf 89' lang='lat'><strong>.</strong></span> <span class='ocrx_word' id='word_1_521' title='bbox 2088 4574 2094 4580; x_wconf 78' lang='lat'><strong>.</strong></span> 
     </span>
     <span class='ocr_line' id='line_1_43' title="bbox 106 4584 1905 4682; baseline 0.003 -26"><span class='ocrx_word' id='word_1_522' title='bbox 106 4584 313 4656; x_wconf 84' lang='lat' dir='ltr'><strong>scribendas</strong></span> <span class='ocrx_word' id='word_1_523' title='bbox 329 4606 401 4654; x_wconf 87' lang='lat' dir='ltr'><strong>esse</strong></span> <span class='ocrx_word' id='word_1_524' title='bbox 420 4585 616 4660; x_wconf 87' lang='lat' dir='ltr'><strong>anotariis.</strong></span> <span class='ocrx_word' id='word_1_525' title='bbox 665 4584 746 4659; x_wconf 86' lang='lat' dir='ltr'><strong>Etsi</strong></span> <span class='ocrx_word' id='word_1_526' title='bbox 759 4587 864 4658; x_wconf 84' lang='lat' dir='ltr'><strong>vitari</strong></span> <span class='ocrx_word' id='word_1_527' title='bbox 880 4611 946 4658; x_wconf 91' lang='lat' dir='ltr'><strong>nos</strong></span> <span class='ocrx_word' id='word_1_528' title='bbox 960 4610 1102 4682; x_wconf 80' lang='lat' dir='ltr'><strong>qssoque</strong></span> <span class='ocrx_word' id='word_1_529' title='bbox 1407 4660 1415 4679; x_wconf 69' lang='lat'><strong>,</strong></span> <span class='ocrx_word' id='word_1_530' title='bbox 1558 4661 1566 4678; x_wconf 75' lang='grc'>,</span> <span class='ocrx_word' id='word_1_531' title='bbox 1897 4660 1905 4677; x_wconf 79' lang='lat'><strong>,</strong></span> 
     </span>
    </p>

    <p class='ocr_par' dir='ltr' id='par_1_11' title="bbox 104 4655 2158 5089">
     <span class='ocr_line' id='line_1_44' title="bbox 105 4655 2157 4782; baseline 0.001 -23"><span class='ocrx_word' id='word_1_532' title='bbox 105 4687 260 4759; x_wconf 87' lang='lat' dir='ltr'><strong>otiosam</strong></span> <span class='ocrx_word' id='word_1_533' title='bbox 270 4686 507 4778; x_wconf 85' lang='lat' dir='ltr'><strong>prolixitatem</strong></span> <span class='ocrx_word' id='word_1_534' title='bbox 520 4688 696 4775; x_wconf 89' lang='lat' dir='ltr'><strong>volumus,</strong></span> <span class='ocrx_word' id='word_1_535' title='bbox 712 4703 831 4760; x_wconf 90' lang='lat' dir='ltr'><strong>tamen</strong></span> <span class='ocrx_word' id='word_1_536' title='bbox 844 4689 1006 4781; x_wconf 89' lang='lat' dir='ltr'><strong>petimus,</strong></span> <span class='ocrx_word' id='word_1_537' title='bbox 1021 4713 1102 4781; x_wconf 91' lang='lat' dir='ltr'><strong>per·</strong></span> <span class='ocrx_word' id='word_1_538' title='bbox 1153 4658 1293 4736; x_wconf 63' lang='lat' dir='ltr'><strong>Andr·</strong></span> <span class='ocrx_word' id='word_1_539' title='bbox 1323 4655 1389 4735; x_wconf 73' lang='lat'><strong>0⁸</strong></span> <span class='ocrx_word' id='word_1_540' title='bbox 1399 4657 1563 4734; x_wconf 65' lang='lat' dir='ltr'><strong>&#39;‘md&#39;‘</strong></span> <span class='ocrx_word' id='word_1_541' title='bbox 1595 4685 1648 4780; x_wconf 68' lang='lat' dir='ltr'><strong>‘P&#39;</strong></span> <span class='ocrx_word' id='word_1_542' title='bbox 1674 4656 1718 4782; x_wconf 62' lang='lat' dir='ltr'><strong>df</strong></span> <span class='ocrx_word' id='word_1_543' title='bbox 1741 4658 1926 4762; x_wconf 59' lang='lat' dir='ltr'><em>⁶⁰II⁰W⁰</em></span> <span class='ocrx_word' id='word_1_544' title='bbox 1958 4655 2157 4738; x_wconf 59' lang='lat' dir='ltr'><em>W‘Wma‘</em></span> 
     </span>
     <span class='ocr_line' id='line_1_45' title="bbox 105 4775 2158 4883; baseline 0.001 -23"><span class='ocrx_word' id='word_1_545' title='bbox 105 4788 218 4860; x_wconf 79' lang='lat' dir='ltr'><strong>scribi</strong></span> <span class='ocrx_word' id='word_1_546' title='bbox 232 4787 545 4883; x_wconf 87' lang='lat' dir='ltr'><strong>utriusquepartis</strong></span> <span class='ocrx_word' id='word_1_547' title='bbox 559 4790 812 4863; x_wconf 89' lang='lat' dir='ltr'><strong>declarationes</strong></span> <span class='ocrx_word' id='word_1_548' title='bbox 834 4804 869 4862; x_wconf 90' lang='lat' dir='ltr'><strong>et</strong></span> <span class='ocrx_word' id='word_1_549' title='bbox 885 4805 1103 4882; x_wconf 85' lang='lat' dir='ltr'><strong>argumenta,</strong></span> <span class='ocrx_word' id='word_1_550' title='bbox 1589 4775 1710 4836; x_wconf 60' lang='lat' dir='ltr'><strong>imm·</strong></span> <span class='ocrx_word' id='word_1_551' title='bbox 2155 4790 2158 4797; x_wconf 80' lang='grc'><strong>’</strong></span> 
     </span>
     <span class='ocr_line' id='line_1_46' title="bbox 104 4861 2148 4986; baseline 0.001 -24"><span class='ocrx_word' id='word_1_552' title='bbox 104 4905 214 4986; x_wconf 78' lang='lat' dir='ltr'><strong>atque</strong></span> <span class='ocrx_word' id='word_1_553' title='bbox 237 4889 286 4962; x_wconf 81' lang='lat' dir='ltr'><strong>ita</strong></span> <span class='ocrx_word' id='word_1_554' title='bbox 313 4892 420 4963; x_wconf 82' lang='lat' dir='ltr'><strong>totius</strong></span> <span class='ocrx_word' id='word_1_555' title='bbox 434 4903 603 4963; x_wconf 76' lang='lat' dir='ltr'><strong>crassatus</strong></span> <span class='ocrx_word' id='word_1_556' title='bbox 618 4906 694 4964; x_wconf 77' lang='lat' dir='ltr'><strong>acta</strong></span> <span class='ocrx_word' id='word_1_557' title='bbox 710 4883 899 4984; x_wconf 76' lang='lat' dir='ltr'><strong>diligenter</strong></span> <span class='ocrx_word' id='word_1_558' title='bbox 914 4894 1102 4968; x_wconf 78' lang='lat' dir='ltr'><strong>conscribi.</strong></span> <span class='ocrx_word' id='word_1_559' title='bbox 1152 4861 1323 4955; x_wconf 82' lang='lat' dir='ltr'><strong>Gratiam</strong></span> <span class='ocrx_word' id='word_1_560' title='bbox 1343 4898 1377 4956; x_wconf 83' lang='lat' dir='ltr'><strong>et</strong></span> <span class='ocrx_word' id='word_1_561' title='bbox 1396 4906 1518 4978; x_wconf 79' lang='lat' dir='ltr'><strong>pacem</strong></span> <span class='ocrx_word' id='word_1_562' title='bbox 1539 4896 1605 4956; x_wconf 79' lang='lat' dir='ltr'><strong>etc·</strong></span> <span class='ocrx_word' id='word_1_563' title='bbox 1655 4881 1794 4955; x_wconf 80' lang='lat' dir='ltr'><strong>Postea</strong></span> <span class='ocrx_word' id='word_1_564' title='bbox 1814 4906 1959 4976; x_wconf 79' lang='lat' dir='ltr'><strong>quaeex</strong></span> <span class='ocrx_word' id='word_1_565' title='bbox 1975 4882 2148 4975; x_wconf 75' lang='lat' dir='ltr'><strong>proximis</strong></span> 
     </span>
     <span class='ocr_line' id='line_1_47' title="bbox 105 4984 2146 5089; baseline -0.001 -35"><span class='ocrx_word' id='word_1_566' title='bbox 105 4990 233 5084; x_wconf 81' lang='lat' dir='ltr'><strong>Quum</strong></span> <span class='ocrx_word' id='word_1_567' title='bbox 254 4991 351 5062; x_wconf 78' lang='lat' dir='ltr'><strong>enim</strong></span> <span class='ocrx_word' id='word_1_568' title='bbox 373 4988 442 5064; x_wconf 83' lang='lat' dir='ltr'><strong>hoc</strong></span> <span class='ocrx_word' id='word_1_569' title='bbox 463 4993 680 5089; x_wconf 60' lang='lat' dir='ltr'><strong>colloquium</strong></span> <span class='ocrx_word' id='word_1_570' title='bbox 698 4994 956 5067; x_wconf 73' lang='lat' dir='ltr'><strong>instituendum</strong></span> <span class='ocrx_word' id='word_1_571' title='bbox 973 4996 1037 5082; x_wconf 71' lang='lat' dir='ltr'><strong>sit,</strong></span> <span class='ocrx_word' id='word_1_572' title='bbox 1061 5011 1102 5069; x_wconf 76' lang='lat' dir='ltr'><strong>ut</strong></span> <span class='ocrx_word' id='word_1_573' title='bbox 1150 4986 1280 5058; x_wconf 71' lang='lat' dir='ltr'><strong>litteris</strong></span> <span class='ocrx_word' id='word_1_574' title='bbox 1295 4986 1523 5078; x_wconf 75' lang='lat' dir='ltr'><strong>cognovistis,</strong></span> <span class='ocrx_word' id='word_1_575' title='bbox 1539 5010 1619 5055; x_wconf 80' lang='lat' dir='ltr'><strong>cum</strong></span> <span class='ocrx_word' id='word_1_576' title='bbox 1637 4985 1707 5054; x_wconf 77' lang='lat' dir='ltr'><strong>iam</strong></span> <span class='ocrx_word' id='word_1_577' title='bbox 1723 4990 1837 5056; x_wconf 71' lang='lat' dir='ltr'><strong>nostri</strong></span> <span class='ocrx_word' id='word_1_578' title='bbox 1848 4984 2067 5079; x_wconf 76' lang='lat' dir='ltr'><strong>colloquium</strong></span> <span class='ocrx_word' id='word_1_579' title='bbox 2081 5005 2146 5053; x_wconf 79' lang='lat' dir='ltr'><strong>ttr-</strong></span> 
     </span>
    </p>
   </div>
   <div class='ocr_carea' id='block_1_5' title="bbox 103 5081 2145 5193">
    <p class='ocr_par' dir='ltr' id='par_1_12' title="bbox 103 5081 2145 5193">
     <span class='ocr_line' id='line_1_48' title="bbox 103 5081 2145 5193; baseline 0.001 -28"><span class='ocrx_word' id='word_1_580' title='bbox 103 5094 280 5191; x_wconf 89' lang='lat' dir='ltr'><strong>inquisita</strong></span> <span class='ocrx_word' id='word_1_581' title='bbox 301 5094 451 5167; x_wconf 86' lang='lat' dir='ltr'><strong>veritate</strong></span> <span class='ocrx_word' id='word_1_582' title='bbox 473 5092 573 5168; x_wconf 85' lang='lat' dir='ltr'><strong>Caes.</strong></span> <span class='ocrx_word' id='word_1_583' title='bbox 596 5094 767 5170; x_wconf 84' lang='lat' dir='ltr'><strong>Maiestas</strong></span> <span class='ocrx_word' id='word_1_584' title='bbox 794 5110 831 5168; x_wconf 89' lang='lat' dir='ltr'><strong>et</strong></span> <span class='ocrx_word' id='word_1_585' title='bbox 853 5095 1037 5193; x_wconf 87' lang='lat' dir='ltr'><strong>Principes</strong></span> <span class='ocrx_word' id='word_1_586' title='bbox 1060 5090 1101 5170; x_wconf 84' lang='lat' dir='ltr'><strong>ac</strong></span> <span class='ocrx_word' id='word_1_587' title='bbox 1150 5102 1290 5180; x_wconf 59' lang='lat' dir='ltr'><strong>tertul,</strong></span> <span class='ocrx_word' id='word_1_588' title='bbox 1315 5088 1411 5160; x_wconf 64' lang='lat' dir='ltr'><strong>varie</strong></span> <span class='ocrx_word' id='word_1_589' title='bbox 1425 5100 1599 5160; x_wconf 61' lang='lat' dir='ltr'><strong>tenuatum</strong></span> <span class='ocrx_word' id='word_1_590' title='bbox 1614 5102 1666 5160; x_wconf 61' lang='lat'><strong>8³1</strong></span> <span class='ocrx_word' id='word_1_591' title='bbox 1679 5112 1700 5158; x_wconf 76' lang='lat'><strong>³</strong></span> <span class='ocrx_word' id='word_1_592' title='bbox 1713 5081 1920 5169; x_wconf 63' lang='lat' dir='ltr'><strong>Grauisca,</strong></span> <span class='ocrx_word' id='word_1_593' title='bbox 1946 5098 2145 5157; x_wconf 72' lang='lat' dir='ltr'><strong>⁰l1¹⁰³l¹⁰⁸</strong></span> 
     </span>
    </p>
   </div>
   <div class='ocr_carea' id='block_1_6' title="bbox 138 5336 1656 5500">
    <p class='ocr_par' dir='ltr' id='par_1_13' title="bbox 138 5336 1656 5500">
     <span class='ocr_line' id='line_1_49' title="bbox 1185 5336 1656 5411; baseline -0.006 -16"><span class='ocrx_word' id='word_1_594' title='bbox 1185 5341 1229 5411; x_wconf 87' lang='lat'><strong>10)</strong></span> <span class='ocrx_word' id='word_1_595' title='bbox 1247 5336 1333 5395; x_wconf 80' lang='lat' dir='ltr'><strong>lloed.</strong></span> <span class='ocrx_word' id='word_1_596' title='bbox 1343 5336 1522 5407; x_wconf 75' lang='lat' dir='ltr'><strong>perscribant</strong></span> <span class='ocrx_word' id='word_1_597' title='bbox 1534 5345 1584 5393; x_wconf 85' lang='lat' dir='ltr'><strong>ets.</strong></span> <span class='ocrx_word' id='word_1_598' title='bbox 1600 5352 1656 5392; x_wconf 85' lang='lat' dir='ltr'><strong>vos.</strong></span> 
     </span>
     <span class='ocr_line' id='line_1_50' title="bbox 138 5422 1628 5500; baseline -0.004 -14"><span class='ocrx_word' id='word_1_599' title='bbox 138 5433 168 5500; x_wconf 84' lang='lat'><strong>9)</strong></span> <span class='ocrx_word' id='word_1_600' title='bbox 187 5429 278 5486; x_wconf 74' lang='lat' dir='ltr'><strong>lloed</strong></span> <span class='ocrx_word' id='word_1_601' title='bbox 291 5427 440 5498; x_wconf 65' lang='lat' dir='ltr'><strong>larisseus.</strong></span> <span class='ocrx_word' id='word_1_602' title='bbox 1185 5430 1231 5498; x_wconf 88' lang='grc'><strong>11)</strong></span> <span class='ocrx_word' id='word_1_603' title='bbox 1250 5426 1364 5484; x_wconf 80' lang='lat' dir='ltr'><strong>Substr.</strong></span> <span class='ocrx_word' id='word_1_604' title='bbox 1377 5443 1433 5489; x_wconf 81' lang='lat' dir='ltr'><strong>nun</strong></span> <span class='ocrx_word' id='word_1_605' title='bbox 1447 5423 1527 5486; x_wconf 79' lang='lat' dir='ltr'><strong>babet</strong></span> <span class='ocrx_word' id='word_1_606' title='bbox 1539 5422 1628 5480; x_wconf 81' lang='lat' dir='ltr'><strong>lloed.</strong></span> 
     </span>
    </p>
   </div>
   <div class='ocr_carea' id='block_1_7' title="bbox 0 0 2266 5750">
    <p class='ocr_par' dir='ltr' id='par_1_14' title="bbox 0 0 2266 5750">
     <span class='ocr_line' id='line_1_51' title="bbox 0 0 2266 5750; baseline 0 0"><span class='ocrx_word' id='word_1_607' title='bbox 0 0 2266 5750; x_wconf 95' lang='lat' dir='ltr'><strong> </strong></span> 
     </span>
    </p>
   </div>
  </div>
 </body>
</html>
