4522 5752
75 228 119 305 ιι-
240 189 244 197 ’
363 290 442 303 .,
604 157 1042 352 ιιιιιιιιιιιιιιι

162 394 305 466 mm
323 394 576 480 manifestiores
593 391 903 463 ammineo.
981 386 985 391 ’

392 541 418 604 l·
442 540 489 598 De
510 542 674 612 Baptistae·

140 670 207 742 Pia
234 652 270 740 et
292 666 493 738 communis
524 666 745 740 consuetudo
775 677 827 736 est
848 658 1037 749 Ecclesiae,

75 786 124 847 tte
145 771 369 865 Baptismurn
391 770 539 841 recitare
560 768 680 839 locum
693 763 881 857 Evangelii
902 765 942 835 in
965 790 1035 860 quo

75 876 225 949 ribitur.
263 871 410 944 Talium
430 884 483 943 est
504 893 654 962 regnum
679 870 878 951 coelorum,
914 880 950 939 et
974 869 1038 937 ad-

75 991 180 1051 untur
195 974 425 1070 precationes.
474 970 526 1044 Ut
540 984 657 1042 autem
673 973 826 1092 populus
845 971 1036 1060 adiungere

75 1091 158 1152 >sset
173 1100 252 1148 suas
266 1075 507 1187 precationes,
533 1086 569 1144 et
589 1073 735 1144 excitari
748 1074 901 1145 lectione
916 1067 1038 1142 Evan-

75 1181 143 1266 elii,
164 1179 290 1249 utilius
306 1189 395 1248 esset
413 1175 492 1245 illas
507 1174 677 1246 lectiones
692 1175 814 1269 lingua
830 1173 989 1268 populo
978 1197 1038 1242 ιιι-

75 1283 180 1354 llecta
201 1280 291 1354 fieri.
349 1277 438 1349 ltem
462 1302 542 1365 cum
563 1291 782 1370 susceptores
800 1277 1039 1369 respondeant

75 1408 109 1456 ιο
131 1406 262 1476 puero,
296 1379 503 1450 conveniret
524 1403 583 1450 eos
607 1403 807 1451 sennonem
828 1377 1038 1468 intelligere,

75 1511 179 1583 equo
193 1484 472 1573 interrogantur.
601 1490 606 1499 ‘

144 1614 343 1690 Aboleatur
358 1628 393 1685 et
406 1615 496 1685 ritus
518 1608 722 1707 baptisandi
743 1635 950 1708 campanas,
975 1611 1038 1708 qui

75 1733 95 1793 t
109 1721 282 1814 quaedam
297 1742 374 1788 verr
363 1715 565 1809 Baptismi
579 1715 813 1787 contumelia.

352 1907 389 1964 ll.
427 1908 474 1963 De
493 1906 720 1979 confirmatione.

146 2012 248 2089 Olim
264 2016 305 2084 in
318 2009 477 2085 Ecclesia
492 2013 561 2084 fuit
576 2014 795 2084 consuetudo
811 2007 1038 2084 Catechisan-

75 2118 82 2190 l
106 2117 265 2191 iuniores
286 2129 320 2189 et
344 2117 469 2202 rudes,
502 2113 552 2188 Et
573 2128 694 2208 postea
717 2114 757 2184 in
772 2114 1038 2186 confirmatione

75 2221 269 2312 agitabatur
296 2216 468 2311 professio
501 2216 596 2289 fidei.
661 2214 765 2287 Nunc
800 2217 840 2286 in
871 2212 1038 2285 Ecclesiis

75 2323 262 2394 insuetudo
276 2315 525 2392 Catecbisandi
541 2340 685 2411 prorsus
701 2318 824 2398 desiit,
849 2315 953 2387 Hanc
974 2340 1039 2386 ne-

75 2423 251 2516 ligentiam
265 2444 406 2493 necesse
421 2434 474 2492 est
489 2420 639 2510 corrigi,
660 2432 696 2490 et
719 2420 962 2490 mandandum
987 2432 1039 2490 est

75 2525 264 2607 tatoribus,
289 2536 330 2595 ut
345 2523 448 2594 certis
462 2521 681 2615 temporibus
698 2534 893 2592 convocent
913 2521 1039 2592 iuven-

75 2640 176 2714 ttem,
209 2640 244 2697 et
266 2636 470 2720 proponant
492 2624 542 2694 eis
561 2622 729 2695 articulos
751 2623 854 2708 fidei,
887 2616 1039 2696 Decalo-

75 2753 149 2815 rm,
173 2752 348 2800 summam
364 2725 546 2798 doctrinae
559 2721 747 2815 Evangelii
762 2726 805 2793 de
819 2738 980 2818 peccato,
1004 2737 1039 2794 et

75 2853 89 2902 e
104 2830 313 2903 remissione
328 2842 569 2921 pcccatorum,
594 2839 630 2898 et
650 2828 694 2896 'de
707 2827 776 2897 fide
791 2826 831 2896 in
843 2821 1038 2912 Christum,

75 2956 90 3004 ι
105 2931 360 3016 Sacramentis,
386 2931 431 3000 de
447 2929 539 2998 veris
553 2925 623 2998 Dei
636 2929 801 3003 cultibus.
851 2925 900 2999 Et
918 2928 1039 3020 explo-

75 3048 146 3107 ιιιιι
159 3057 200 3104 ac
216 3033 383 3103 audiatur
398 3033 583 3116 iuventus,
607 3025 789 3121 Cogantur
813 3044 848 3101 et
869 3029 1039 3123 patresfa-

75 3135 163 3206 ilias
182 3135 323 3207 mittere
346 3135 392 3204 ad
416 3133 484 3204 tale
503 3155 648 3202 examen
670 3132 822 3220 liberos,
858 3154 978 3231 servos
1006 3144 1041 3201 et

75 3237 204 3315 scillas.

148 3366 268 3440 Huius
282 3369 393 3439 moris
412 3365 593 3440 restitutio'
603 3366 754 3437 maxime
769 3365 964 3438 necessaria
977 3381 1039 3440 est.

75 3473 120 3544 ed
142 3473 187 3541 ad
208 3466 300 3542 hanc
323 3495 400 3541 rem
414 3493 503 3563 opus
519 3470 585 3542 erit
599 3470 801 3562 pastoribus
815 3482 851 3541 et
865 3468 1039 3540 ministris

75 3573 210 3649 ruditis.

419 3745 468 3803 ιιι.
498 3747 545 3802 De
565 3748 679 3803 Ordine.

149 3852 219 3926 Hic
235 3853 366 3925 abusus
381 3866 465 3923 sunt
480 3853 704 3946 multiplices.
741 3846 994 3924 Ordinantur'
983 3876 1041 3922 ιιι-

75 3957 165 4042 octi,
189 3957 281 4027 male
296 3955 443 4036 morati,
468 3979 544 4025 non
563 3956 609 4024 ad
625 3953 740 4023 officia
757 3965 862 4027 certa.

102 4094 105 4105 '
150 4089 247 4162 Haec
270 4091 439 4161 mutanda
461 4099 583 4169 erunt,
597 4085 756 4175 ,Formae
776 4085 880 4157 etiam
895 4089 1041 4159 videan-

75 4218 126 4281 ιι,
151 4194 190 4263 in
203 4192 333 4287 quibus
349 4192 514 4262 mandata
530 4190 660 4260 dantur
674 4187 864 4274 ordinatis,
890 4185 1041 4280 Obliga-

75 4321 101 4367 ιι
123 4297 168 4366 de
190 4296 368 4365 coelibatu
388 4294 558 4364 tollenda.
609 4290 691 4362 Sint
710 4290 842 4361 eruditi
863 4292 1041 4362 examina-

75 4421 161 4481 ›res‚
186 4410 222 4467 et
237 4395 385 4467 audiant
399 4395 618 4464 ordinandos
633 4394 678 4463 de
700 4415 837 4462 summa
859 4393 1041 4463 doctrinae

75 4492 290 4583 lhmstianae,
313 4521 389 4567 non
411 4509 550 4569 tantum
570 4496 615 4565 de
635 4494 833 4588 puerilibus
847 4491 1042 4566 Elementis

75 4600 318 4687 irammatices.

150 4732 235 4805 ldco
250 4734 431 4825 prodesset
447 4746 563 4803 extare
578 4731 746 4822 scriptum
760 4730 904 4822 aliquod
923 4732 1043 4822 publi-

75 4837 310 4910 t'autoritate
345 4837 390 4902 de
424 4858 560 4903 summa
592 4833 785 4903 doctrinae.
808 4828 1042 4913 Christianae,

75 4939 337 5021 ιιιιιιιιιιιιιιιιιιιΙ
360 4936 507 5024 singulis
523 4932 720 5027 Episcopis.
774 4930 814 5004 Id
840 4936 886 5003 ad
906 4935 1042 5026 purita-

75 5066 120 5120 em
135 5039 318 5110 doctrinae
334 5051 368 5108 et
387 5040 431 5106 ad
453 5037 678 5107 concordiam
693 5036 916 5109 retinendam
933 5038 1044 5129 prod-

75 5155 152 5218 tetl-

149 5271 224 5346 Nec
249 5285 377 5366 putent
389 5267 578 5365 Episcopr
603 5293 640 5340 se
660 5272 863 5362 perfunctos
885 5295 958 5344 esse
979 5296 1043 5345 suo

1090 212 1328 341 ran-vm.
1382 215 1512 299 ιιιι.
2007 222 2084 307 ιιι

1087 392 1194 470 etiam
1216 393 1433 488 inspectores
1457 390 1642 464 doctrinae
1668 406 1703 466 et
1716 364 1877 482 morum,
1903 407 1945 467 ut
1964 396 2009 468 de
2030 398 2086 470 vi-

1087 497 1253 572 sitatione
1269 509 1304 567 et
1319 495 1474 592 Synodis
1489 495 1583 567 infra
1598 494 1767 568 dicemus.

1144 626 1149 637 '
1187 627 1332 703 Abusus
1346 643 1416 716 est,
1441 629 1538 725 quod
1554 629 1733 702 ordinatio
1751 631 1927 703 retinetur
1951 630 1991 700 in
2012 632 2082 704 mi·
2124 641 2126 645 ’

1086 732 1237 804 naribus
1259 731 1466 817 ordinibus,
1492 729 1536 802 In
1558 733 1816 806 subdiaconatu
1837 747 1872 805 et
1892 733 2081 807 diaconatu
2179 818 2200 833 ο

1087 834 1172 906 solis
1187 835 1393 906 nominibus
1407 835 1483 904 sine
1495 834 1626 905 officio.

1188 962 1290 1038 Olim
1306 966 1462 1040 Lector
1447 992 1490 1038 ιιι
1504 965 1663 1040 Ecclesia
1677 980 1751 1039 erat
1765 966 1927 1039 Doctor
1916 983 2082 1041 cuventu·

1086 1069 1152 1155 tis,
1178 1092 1240 1139 seu
1256 1065 1463 1140 scholastica
1481 1093 1650 1188 persona,
1676 1071 1791 1165 qualis
1811 1071 1880 1141 fuit
1894 1065 2081 1162 Origenes.

1087 1124 1321 1243 Nubcmanet
1334 1162 1483 1242 titulus
1473 1196 1510 1241 m
1520 1168 1970 1259 hocrituordinationis,
1943 1198 2018 1244 s1ne
2030 1198 2080 1246 re.

1318 1347 1370 1402 lV
1387 1348 1435 1403 De
1451 1356 1633 1402 tenemento
1648 1348 1845 1414 poenitentioe.
1887 1323 1892 1329 Ι

1187 1449 1332 1525 Abusus
1349 1453 1556 1524 manifestus
1571 1466 1605 1522 et
1619 1452 1870 1524 usitatissimus
1887 1468 1955 1541 est,
1982 1457 2079 1548 quod

1088 1569 1232 1648 propter
1247 1555 1540 1626 consuetudinem
1556 1555 1662 1625 multi
1674 1569 1818 1648 petunt,
1842 1571 1876 1629 et
1890 1559 2080 1648 impetrant

1088 1657 1366 1742 absolutionem,
1398 1657 1461 1751 qui
1484 1681 1559 1727 non
1574 1651 1708 1728 habent
1722 1659 1973 1777 propositum
1960 1681 2081 1727 emen-

1014 1828 1017 1847 ,
1089 1760 1288 1829 dandorum
1308 1783 1469 1845 morum,
1493 1760 1555 1828 scd
1579 1774 1806 1851 perseverant
1827 1762 1865 1828 in
1885 1758 2080 1829 manifestis

1088 1861 1244 1946 delictis,
1269 1874 1309 1930 ut
1325 1874 1552 1946 scortatores,
1580 1862 1753 1945 adulteri,
1779 1861 1944 1948 usurarii,
1971 1863 2081 1931 simo-

1088 1963 1182 2032 niaci
1206 1976 1240 2034 et
1263 1962 1333 2034 alii.
1386 1961 1491 2032 Tales
1513 1986 1588 2032 non
1610 1975 1693 2033 sunt
1713 1964 1940 2050 absolvendi,
1967 1965 2080 2033 donce

1087 2066 1270 2135 manifeste
1285 2063 1364 2134 aliis
1375 2063 1541 2135 scandalo
1554 2077 1649 2135 sunt.

1190 2193 1334 2268 Abusus
1350 2197 1557 2269 manifestus
1572 2210 1641 2284 est,
1671 2199 1768 2292 quod
1789 2199 1829 2268 in
1851 2200 2012 2269 doctrina
2035 2202 2079 2270 de

1087 2299 1305 2420 poenitentia
1326 2294 1496 2370 hactenus
1517 2301 1585 2371 fuit
1607 2299 1736 2371 omissa
1757 2301 1920 2372 doctrina
1942 2303 1986 2371 dc
2010 2303 2079 2371 fide
2187 2381 2193 2390 „

1088 2402 1127 2471 in
1150 2396 1351 2487 Christum,
1383 2425 1453 2497 qua
1477 2403 1668 2494 accipimus
1691 2401 1934 2473 remissionem
1957 2427 2080 2494 pecca-

1088 2517 1245 2574 torum
1268 2500 1337 2574 Sed
1362 2496 1467 2572 multi
1488 2504 1703 2590 docuerunt,
1727 2517 1873 2597 propter
1895 2504 2080 2576 contritio-

1088 2629 1170 2676 nem
1189 2603 1321 2675 remitti
1335 2617 1487 2697 peccata.

1189 2734 1333 2809 Abusus
1356 2739 1563 2809 manifestus
1585 2752 1654 2826 est,
1691 2742 1788 2834 quod
1810 2765 1884 2812 non
1908 2745 2080 2817 docentur

1088 2839 1282 2927 Ecclesiae,
1308 2865 1353 2910 ne
1369 2842 1575 2932 scrupulosa
1591 2842 1854 2917 enumeratione
1877 2846 2080 2919 excrucien-

1090 2957 1148 3013 tur
1161 2956 1306 3013 mentes.
1357 2941 1459 3013 Sicut·
1475 2943 1620 3037 quidam
1636 2944 1787 3016 modesti
1801 2939 1964 3017 homines
1988 2959 2078 3019 totos

1089 3056 1240 3139 quatuor
1262 3044 1336 3113 dies
1368 3056 1431 3115 aut
1458 3040 1577 3136 plures
1604 3047 1859 3117 consumebant
1890 3048 1930 3117 in-
1952 3050 2079 3121 recita-

1089 3147 1186 3216 tione
1209 3146 1436 3226 delictorum,
1473 3169 1624 3238 quorum
1647 3159 1766 3216 tamen
1786 3148 1953 3243 pleraque
1976 3166 2078 3223 erant
2181 3160 2183 3167 '

1089 3247 1299 3318 violationes
1321 3246 1642 3338 superstitiosarum
1657 3249 1889 3319 traditionum
1905 3246 2080 3322 humana·
2101 3328 2105 3341 Ι

1088 3373 1187 3432 nrm,
1211 3373 1277 3418 nec
1296 3363 1426 3419 norant
1445 3347 1636 3417 discrimen
1651 3350 1746 3422 inter
1760 3350 1880 3422 divina
1896 3348 2080 3448 praecepta

1089 3464 1124 3521 et
1137 3450 1395 3542 superstitiosas
1409 3450 1630 3524 traditiones.

1187 3577 1331 3653 Abusus
1344 3581 1550 3652 manifestus
1569 3595 1639 3666 est,
1664 3583 1842 3655 eontentio
1867 3587 1911 3656 de
1926 3586 2077 3680 proprio

1090 3686 1281 3759 sacerdote.
1342 3681 1505 3754 Pastores
1527 3683 1594 3775 ipsi
1618 3685 1794 3756 debebant
1816 3709 1915 3756 suam
1938 3688 2078 3780 plebem

1090 3787 1235 3872 audire,
1266 3799 1327 3856 aut
1348 3786 1378 3855 si
1401 3786 1465 3880 qui
1487 3787 1634 3856 mallent
1656 3788 1751 3878 apud
1773 3785 1862 3858 alios
1878 3812 1939 3859 sna
1955 3813 2081 3860 arcana

1090 3889 1284 3980 deponere,
1315 3887 1454 3971 iubere,
1492 3901 1533 3957 ut
1555 3886 1758 3958 testimonia
1786 3891 2009 3962 adferrentur
2035 3894 2080 3990 ab

1091 3985 1299 4060 honestis
1266 3990 1367 4074 vrris,
1393 4015 1456 4083 qur
1446 3989 1706 4058 confessiones
1720 3991 1948 4066 audivissent.

1193 4123 1305 4195 Multi
1324 4138 1408 4195 sunt
1432 4124 1562 4193 abusus
1583 4125 1796 4194 manifesti
1784 4151 1824 4194 m
1845 4129 2082 4200 reservatione
2178 4190 2183 4198 .

1092 4251 1246 4301 casuum.
1297 4225 1416 4296 Servit
1432 4249 1471 4295 ea
1488 4250 1543 4295 res
1560 4226 1747 4296 ambitioni
1764 4226 1976 4299 et‘avaritiae
1993 4256 2083 4322 pon-

1092 4329 1229 4401 tificiae.
1280 4324 1330 4397 Et
1350 4329 1535 4423 pleraeque
1559 4329 1810 4399 reservationcs
1833 4332 2012 4421 pertinent
2038 4338 2082 4404 ad

1093 4453 1211 4513 casus,
1237 4429 1366 4522 quibus
1387 4424 1565 4498 humanae
1591 4429 1795 4499 traditiones
1815 4432 1966 4504 violatae
1988 4449 2083 4518 sunt,
2139 4431 2151 4451 ⁸

1093 4531 1254 4624 graviora
1280 4531 1406 4601 delicta
1432 4531 1569 4600 facilius
1601 4530 1840 4605 remittuntur.
1907 4533 2013 4622 ltem,
2043 4537 2084 4608 Si

1094 4634 1155 4728 qui
1169 4636 1351 4721 ignorant,
1376 4632 1463 4727 quid
1480 4633 1592 4701 valeat
1609 4628 1693 4701 baec
1708 4635 1908 4722 reservatio,
1931 4638 2084 4729 graviter

1094 4736 1313 4820 cruciantur,
1341 4759 1421 4804 cum
1434 4747 1561 4826 putant
1572 4758 1611 4803 se
1625 4734 1764 4804 excludi
1779 4760 1799 4806 a
1818 4761 1927 4831 regno
1943 4738 2022 4814 Dei.

1194 4866 1287 4940 Sunt
1311 4869 1403 4939 etin
1428 4868 1724 4965 satisfactionibus
1746 4871 1837 4939 varii
1858 4887 1891 4944 et
1907 4855 2084 4944 manifesti

1095 4971 1234 5044 abusus.
1294 4966 1535 5064 lmponuntur
1560 4995 1666 5063 opera
1689 4969 1850 5054 inutilia,
1884 4976 2084 5093 peregrina-

1095 5073 1228 5156 tiones,
1261 5096 1379 5161 proces
1400 5077 1443 5143 ad
1466 5086 1604 5143 sanctos
1628 5073 1854 5163 compositae,
1895 5076 2102 5169 inquibus

1094 5175 1204 5244 multa
1228 5174 1379 5244 absurde
1401 5177 1587 5260 dicuntur,
1611 5188 1652 5245 ut
1671 5172 1789 5244 Maria
1809 5189 1922 5246 mater
1941 5178 2084 5268 gratiae,

1095 5293 1134 5348 tu
1155 5301 1221 5347 nos
1242 5276 1286 5346 ab
1311 5273 1411 5348 hoste
1432 5290 1592 5395 protege,
1625 5276 1664 5344 iu
1685 5259 1773 5344 bora
1794 5277 1918 5347 mortes
1935 5301 2084 5372 suscipe
2153 5268 2158 5273 ¹

75 5375 191 5463 fficio,
216 5400 296 5463 curn
312 5375 496 5446 ordinatos
510 5372 721 5456 admittunt,
747 5374 816 5447 Sed
833 5390 958 5470 postea
972 5378 1045 5448 sint
1095 5392 1161 5455 etc.
1211 5350 1394 5450 Verentur
1410 5378 1514 5449 etiam
1532 5377 1764 5449 conscientiae
1778 5377 1968 5452 omissione
1983 5382 2099 5483 satis-N

1224 5477 1348 5557 δι”.
