4522 5752
115 204 196 281 aas
639 186 1124 279 'tuscolanus
1175 200 1409 281 ntss.v1u.
1462 206 1596 284 1541.
2084 230 2160 311 m

110 373 324 479 capitana,
349 380 449 453 cuius
462 376 633 449 memoria
646 375 813 449 studiosis
829 375 1111 447 commendanda
1163 388 1236 447 tam
1249 376 1305 447 sui
1321 377 1434 468 gregis
1450 379 1676 471 opinionem,
1702 410 1792 479 quae
1810 406 1950 482 agentes
1974 401 2161 491 poeniten-

111 497 188 569 cst,
211 495 256 556 ut
281 484 365 554 talis
384 483 453 551 viri
473 503 611 567 mores,
634 474 803 571 pietatem
829 489 866 549 et
887 478 1004 548 studia
1028 478 1112 545 imi·
1163 477 1250 549 tiam
1269 479 1368 550 iubet
1382 481 1561 567 dubitare,
1588 508 1633 554 an
1649 483 1727 557 Deo
1742 496 2034 588 reconcilientur,
2058 503 2159 579 iubet

109 599 246 657 tntur.
291 582 366 657 Nec
386 583 545 679 prolecto
568 582 762 677 quidquam
783 571 917 664 habco,
951 580 1046 673 quod
1067 580 1111 648 de
1162 574 1230 651 hos
1250 579 1455 651 invocantes
1475 580 1591 654 Deum
1622 589 1786 662 dubitare
1819 618 1867 667 an
1893 599 2085 692 placeant,
2111 633 2159 682 an

111 664 479 760 coconvcnturelatu
494 684 637 775 dignius
653 682 785 754 iudico.
834 677 927 749 Nam
944 681 1111 773 publicae
1161 676 1260 753 Deus
1275 706 1398 753 eorum
1413 708 1532 774 preces
1548 687 1716 778 accipiat,
1741 712 1782 764 ac
1797 697 2028 796 detorquebat
2042 731 2084 779 eo
2101 712 2159 781 di-

113 786 229 861 tridui
248 788 543 872 declamationes,
572 784 693 856 verius
712 806 820 880 quam
843 782 1112 876 disputationes,
1163 795 1259 853 ctum
1273 783 1491 855 Salomonis:
1517 780 1645 859 Nescit
1660 782 1769 864 homo
1786 819 1837 866 on
1853 823 1978 874 amore
1993 805 2050 877 ael
2070 806 2158 884 odio

80 889 237 985 ..μμ
253 890 407 977 luerint,
444 890 558 960 lector
581 910 624 959 ex
643 880 710 956 hac
734 883 892 956 editione
913 897 1111 975 cognoscet,
1162 877 1302 978 dignus
1322 883 1385 961 sit.
1443 885 1502 956 Illi
1524 913 1607 958 vero
1634 890 1806 966 Doctores
1835 904 1920 974 odio
1944 908 2043 998 digni
2064 929 2159 1003 sunt,

113 988 278 1065 Fortun
299 994 443 1085 prodest
470 1004 588 1061 extare
621 980 876 1082 ἑωλοκρασίαν
901 980 1111 1055 Eccianam
1162 988 1225 1081 qui
1235 986 1438 1058 Salomonis
1452 987 1547 1059 dicto
1561 992 1920 1083 affinguntethuicam
1935 1016 2157 1095 sententiam.

113 1116 179 1181 eo,
208 1106 251 1164 ut
276 1093 367 1165 honi
396 1107 432 1165 et
451 1113 575 1185 graves
594 1089 711 1182 palam
731 1089 895 1171 videant,
927 1082 1127 1178 Sophistas·
1161 1085 1222 1158 Sic
1236 1084 1407 1180 Epicurei
1428 1104 1490 1161 aut
1511 1089 1707 1187 Pyrrhonii
1731 1100 1950 1194 loquuntur,
1975 1115 2097 1186 odium
2121 1134 2157 1193 et

112 1196 197 1267 illos
225 1217 292 1267 nec
320 1196 512 1267 candorem
533 1216 599 1263 nec
622 1189 779 1263 studium
799 1187 957 1267 veritatis
978 1189 1022 1258 ad
1046 1183 1111 1258 has
1162 1213 1318 1260 amorem
1333 1190 1401 1262 Dei
1417 1191 1593 1263 incertum
1615 1219 1699 1271 esse.
1748 1198 1861 1274 Estne
1884 1207 2059 1285 incestum
2082 1219 2157 1289 ὀὴ,

61 1298 68 1309 ”
112 1308 230 1371 tantm
242 1283 516 1368 deliberationes
530 1295 681 1368 adferre.
716 1287 854 1362 Audivi
863 1284 1016 1359 Eccinm
1033 1291 1111 1381 glo-
1160 1290 1290 1384 plicere
1305 1289 1381 1363 Deo
1397 1290 1599 1365 Neronem?
1644 1297 1704 1370 Sic
1719 1300 1757 1369 in
1768 1300 1924 1380 Ecclesia
1940 1312 2040 1408 loqui
2055 1322 2158 1393 furor

112 1399 209 1469 riose
223 1397 461 1483 iactitantem,
485 1417 587 1489 posse
601 1419 637 1466 se
651 1408 827 1488 utrunque
847 1404 982 1484 partem
1007 1391 1109 1466 tueri.
1162 1406 1231 1478 est,
1270 1393 1309 1461 in
1336 1418 1405 1488 qua
1432 1408 1467 1465 et
1493 1397 1654 1468 conscius
1679 1400 1747 1471 sibi
1769 1408 1909 1481 sceleris
1931 1438 2157 1508 expavescere

65 1508 68 1513 '
111 1498 223 1573 Putat
242 1501 288 1571 de
311 1500 416 1571 laude
436 1498 573 1588 ingenii
596 1495 741 1580 certari,
766 1518 840 1565 non
861 1493 998 1588 quaerit
1015 1493 1111 1563 veri·
1161 1493 1252 1563 iram
1265 1491 1335 1566 Dei
1355 1496 1479 1578 debet,
1503 1511 1537 1568 et
1559 1522 1665 1591 agens
1686 1505 1941 1594 poenitentiam
1967 1533 2063 1591 certo
2083 1538 2156 1597 sta-

112 1614 242 1687 tatem,
267 1626 343 1673 non
365 1604 485 1674 studet
499 1598 683 1671 consulere
695 1593 884 1669 Ecclesiae.
932 1592 1111 1689 Denique,
1161 1607 1260 1667 tuere
1282 1620 1318 1667 se
1340 1596 1378 1667 iu
1402 1597 1550 1685 gratiam
1574 1604 1686 1695 recipi
1708 1619 1742 1677 et
1765 1613 1924 1685 exaudiri
1945 1637 2090 1714 propter
2108 1627 2155 1697 fi.

110 1704 153 1773 in
167 1698 236 1775 hac
249 1727 352 1775 causa
367 1704 584 1795 deploranda
598 1713 672 1771 erat
685 1697 847 1769 omnium
869 1696 1025 1768 lacrimis
1040 1693 1110 1767 hu·
1159 1697 1250 1768 lium
1264 1695 1344 1770 Dei.
1391 1695 1501 1771 Extat
1512 1727 1580 1773 vox
1592 1701 1798 1797 Evangelii,
1822 1738 1912 1807 quae
1930 1734 1982 1793 est
2002 1726 2154 1814 promis.

108 1805 211 1877 mani
226 1806 364 1897 generis
379 1804 540 1890 miseria,
565 1802 820 1896 quodpropter
840 1798 974 1868 malum
999 1798 1110 1887 origi·
1159 1800 1213 1869 sio
1244 1801 1526 1875 condonationis.
1591 1800 1766 1880 Additum
1799 1831 1850 1887 est
1887 1819 2153 1903 iusiurandum:

110 1908 189 1991 uis,
214 1902 301 1978 haee
315 1921 497 1999 praestans
522 1917 666 1991 natura,
690 1901 845 1995 primum
867 1894 1032 1969 horribili
1056 1902 1109 1971 ira
1163 1896 1263 1977 Vivo
1277 1924 1362 1995 ego,
1386 1900 1507 2000 inquit
1524 1899 1647 1991 Dens,
1672 1907 1759 1981 nolo
1772 1925 1920 1989 mortem
1943 1930 2154 2021 Plscaloris,
2199 1924 2203 1934 .

109 2005 201 2094 Dei,
226 2010 355 2080 deiude
369 2008 505 2099 ingenti
518 2007 612 2076 mole
627 1997 994 2075 calamitatumhuins
1015 2002 1108 2071 vitae
1157 1999 1266 2074 Extat
1296 2006 1502 2074 mandatum
1533 2021 1572 2077 ut
1599 2014 1827 2101 promissioni
1852 2026 2047 2101 credamus.
2104 2032 2154 2108 Εῑ

112 2123 151 2181 ct
172 2125 289 2182 morte
310 2111 385 2203 ipsa
408 2131 573 2202 oppressa
597 2120 659 2181 est.
716 2103 923 2188 Praeterea,
955 2104 1108 2193 imagine
1158 2105 1370 2176 nominatim
1392 2107 1478 2176 fides
1505 2110 1608 2179 toties
1640 2117 1849 2203 postulatur.
1906 2122 2003 2199 Haec
2031 2137 2152 2210 omni,

110 2208 183 2284 Dci
198 2213 237 2283 in
253 2214 358 2283 nobis
372 2214 585 2295 deformata,
609 2231 706 2278 nunc
727 2206 766 2275 in
788 2204 943 2276 tenebris
968 2219 1001 2275 et
1021 2229 1108 2275 con·
1159 2206 1265 2277 simul
1279 2208 1401 2278 obruit
1415 2221 1448 2278 et
1470 2210 1562 2282 delet
1581 2215 1703 2304 opinio
1720 2213 1911 2307 Ecciann,
1945 2254 2035 2322 quae
2054 2235 2152 2310 iubet

111 2316 267 2387 tumacia
281 2329 449 2408 perpetua
467 2325 590 2383 contra
605 2311 720 2399 legem
735 2306 804 2380 Dei
818 2320 990 2380 versatur.
1027 2304 1107 2378 lloc
1158 2309 1331 2383 dubitare.
1398 2308 1497 2397 Quid
1526 2313 1619 2386 dicat
1640 2330 1675 2387 et
1696 2320 1782 2391 velit
1804 2321 1986 2416 Salomon,
2007 2354 2153 2411 nonest

110 2428 252 2489 tanmm
265 2417 400 2487 malum
417 2415 477 2485 isti
488 2409 663 2506 ,Epicurei
678 2422 878 2482 extenuant.
930 2406 1000 2479 Sed
1020 2403 1107 2479 haec
1158 2410 1368 2496 obscurum,
1407 2414 1515 2483 modo
1541 2416 1661 2488 dextre
1687 2422 1881 2515 accipiatur
1907 2431 1982 2502 eius
2005 2437 2152 2519 dictum.

108 2516 279 2613 relinquo
293 2502 481 2609 cogitanda
493 2516 554 2609 pio
566 2511 701 2598 lectori,
713 2536 792 2582 cum
806 2512 963 2581 conferet
973 2511 1109 2580 utrius·
1156 2508 1212 2582 De
1228 2513 1336 2581 variis
1353 2516 1537 2584 eventibus
1552 2517 1589 2584 in
1606 2512 1670 2589 hac
1688 2522 1760 2593 vita
1781 2524 1940 2621 disserit,
1965 2549 2006 2607 ut
2030 2540 2152 2617 doceat
2190 2542 2212 2611 ’,

109 2644 183 2717 quc
206 2620 405 2690 conciones.
462 2616 545 2688 Non
572 2617 727 2687 arbitror
754 2626 872 2683 autem
904 2634 1106 2706 quenquam
1157 2636 1223 2682 nos
1238 2636 1303 2682 nec
1318 2613 1435 2683 efferri
1452 2616 1658 2690 blandiente
1671 2624 1832 2714 fortuna,
1859 2656 1923 2703 nec
1935 2636 2051 2731 frangi
2073 2645 2153 2715 ani-

108 2722 215 2817 pium
237 2723 325 2791 adeo
346 2723 482 2791 lentum
507 2742 598 2803 esse,
624 2711 688 2788 καὶ
710 2713 865 2809 ἄχολον,
888 2730 930 2784 ut
947 2713 1107 2784 sinefre-
1156 2716 1225 2784 mis
1241 2714 1280 2783 in
1294 2717 1399 2786 rcbus
1414 2718 1584 2804 adversis,
1606 2746 1645 2791 ac
1663 2726 1707 2793 de
1729 2730 1912 2804 voluntate
1923 2735 1990 2807 Dei
2013 2766 2087 2813 non
2111 2771 2152 2818 ex

107 2824 205 2895 mito
220 2820 329 2894 Eccs’i
343 2816 977 2915 Sophismataetineptasverborum
1003 2839 1107 2906 prae-
1158 2811 1215 2887 his
1246 2819 1448 2903 eventibus,
1488 2823 1548 2890 sed
1575 2846 1615 2891 ex
1642 2826 1722 2897 aliis
1747 2834 1958 2908 testimoniis
1986 2841 2152 2924 iudicare.

109 2926 233 3017 stigias
263 2928 379 3016 legere
401 2923 522 3016 possit.
580 2920 693 2992 Ludit
716 2917 899 2988 vocabulis
929 2913 1107 3002 criminis,
1156 2914 1449 2988 Eruditissimum
1467 2935 1501 2991 et
1514 2924 1660 3014 plenum
1680 2930 1821 3021 pietatis
1843 2957 2066 3031 praeceptum
2082 2965 2150 3037 est;

109 3024 260 3126 colpos,
293 3025 434 3127 peccati
460 3019 653 3122 capitalis,
689 3019 867 3091 convertit
891 3018 1108 3104 testimonia,
1157 3021 1219 3089 sed
1234 3021 1362 3091 accidit
1378 3019 1562 3093 Salomoni
1577 3027 1670 3096 idem
1688 3036 1783 3125 quod
1802 3036 1862 3107 illc
1885 3041 2038 3117 dicebat:
2065 3052 2152 3123 dex-

109 3132 204 3227 qn'ae
225 3131 291 3201 scit
308 3124 402 3199 nihil
425 3140 546 3199 contra
568 3150 634 3195 nos
648 3123 782 3206 facere,
807 3118 960 3213 denique
978 3119 1107 3191 Socra·
1157 3134 1212 3192 tra
1233 3145 1269 3191 se
1291 3137 1478 3218 praecepta
1503 3130 1658 3214 tradere,
1690 3134 1752 3203 sed
1774 3142 1947 3231 quosdam
1971 3148 2151 3227 auditores

110 3236 202 3305 tiens
218 3233 416 3324 disputator
430 3243 497 3314 est,
523 3239 693 3320 perpetuo
709 3247 808 3294 suam
820 3221 1029 3293 sententiam
1046 3247 1107 3292 oc·
1156 3222 1296 3293 sinistra
1309 3222 1484 3315 accipere.
1535 3225 1630 3299 Haec
1655 3255 1696 3300 co
1723 3238 1847 3325 recito,
1873 3256 1923 3328 ut,
1948 3249 2011 3339 qui
2033 3251 2151 3342 legent

109 3334 233 3419 cultat,
257 3346 397 3405 tontum
410 3326 478 3402 hoc
492 3332 581 3420 agit,
604 3340 645 3398 ut
660 3338 840 3419 oppugnet
855 3324 1107 3393 adversarium.
1156 3318 1222 3394 has
1236 3320 1345 3394 Eccr'i
1363 3328 1535 3417 pagellas,
1560 3332 1737 3404 admoniti
1758 3340 1862 3411 citius
1883 3346 2152 3437 deprehendant

110 3434 273 3527 Ingenuo
292 3434 407 3505 dicam
431 3433 527 3526 quod
550 3428 686 3510 sentio,
726 3427 838 3520 Saepe
862 3421 955 3496 mihi
978 3439 1012 3495 et
1033 3439 1107 3495 sto·
1157 3448 1335 3512 errorem,
1367 3451 1408 3495 ac
1434 3428 1541 3499 simul
1564 3433 1752 3524 deplorent
1772 3436 1952 3518 Ecclesiae
1975 3456 2150 3541 tenebras,

109 3531 332 3609 machumet
353 3535 462 3604 bilem
488 3528 555 3602 bae
576 3530 767 3629 insidiosae
790 3528 1107 3616 tergiversationes,
1156 3527 1282 3620 inqua
1308 3528 1394 3597 tales
1415 3526 1635 3623 Pyrrhoniae
1655 3544 1848 3615 sententiae
1871 3549 1916 3619 ab
1938 3554 2150 3631 adversariis
2238 3638 2243 3645 ‚

109 3639 303 3731 captiones,
324 3638 487 3736 γοητεῖαι
511 3644 720 3714 movenmt,
745 3654 835 3725 quae
849 3623 1105 3698 Phormionem
1156 3629 1287 3698 nostris
1309 3630 1550 3704 defenduntur
1566 3650 1600 3707 et
1615 3639 1889 3735 confirmantur,
1913 3675 2002 3745 quae
2016 3655 2151 3733 Filium

108 3738 401 3815 sutPsendolum
422 3738 462 3807 in
478 3733 700 3818 Comoediis,
725 3757 800 3803 non
818 3727 1042 3819 Theologum
1066 3728 1105 3797 in
1154 3726 1226 3800 Dei
1257 3732 1441 3802 manifesta
1483 3739 1697 3809 contumelia
1738 3747 1919 3821 adficiunt.
1985 3753 2151 3850 cogitem

108 3841 344 3937 explicatione
370 3838 553 3909 doctrinae
575 3838 710 3907 decent.
766 3830 864 3905 Haec
886 3855 928 3901 co
951 3853 1106 3902 comme-
1156 3830 1262 3901 etiam
1284 3857 1406 3903 omnes
1427 3835 1504 3927 pios
1529 3849 1617 3907 etex
1633 3840 1753 3912 animo
1768 3849 1896 3922 debere
1911 3862 2064 3930 execrari
2078 3877 2152 3937 tam

107 3968 231 4029 moro,
255 3957 298 4015 ut
322 3941 479 4033 cogitent
500 3937 668 4023 studiosi,
692 3949 866 4029 quantum
888 3934 932 4004 sit
957 3930 1106 4024 periculi
1154 3934 1328 4005 absurdos
1343 3959 1497 4021 errores,
1524 3951 1558 4007 et
1572 3965 1739 4032 quaerere
1753 3950 1879 4022 melius
1895 3956 2076 4034 doctrinae
2089 3989 2151 4058 ge.

107 4068 193 4121 rum
214 4039 271 4116 his
290 4036 527 4141 Sycophantis
550 4039 737 4129 congredi,
777 4059 884 4130 seque
906 4036 952 4104 ad
975 4033 1105 4103 similia
1154 4058 1235 4108 nus.
1285 4033 1365 4106 lloc
1392 4039 1547 4108 studium
1569 4042 1706 4113 etiamsi
1730 4047 1769 4118 in
1784 4052 1867 4123 odio
1883 4069 1952 4144 est,
1977 4073 2095 4137 tamen
2115 4084 2151 4142 et

106 4145 304 4219 certamina
316 4146 451 4215 maiore
464 4167 549 4214 cura
563 4151 784 4234 praeparent,
797 4162 837 4207 ac
852 4136 1008 4229 primum
1023 4134 1106 4228 qui·
1154 4132 1231 4206 Deo
1265 4151 1300 4208 et
1322 4135 1501 4209 Ecclesiae
1535 4154 1570 4212 et
1590 4146 1694 4215 nobis
1724 4148 1808 4239 ipsis
1834 4156 2015 4239 dehemus.
2065 4166 2148 4242 Scio

106 4252 193 4323 dcrn
216 4270 300 4317 vera
323 4260 359 4317 et
379 4244 545 4317 salutaria
568 4240 746 4313 Ecclesiae
782 4240 899 4310 dicere
929 4238 1106 4324 studeant,
1152 4238 1284 4309 frustra
1302 4233 1386 4309 haec
1405 4240 1477 4308 dici
1493 4240 1554 4328 iis,
1580 4246 1643 4338 qui
1657 4248 1845 4340 religiones
1861 4257 2021 4337 iudicant
2044 4269 2149 4345 fabu-

105 4350 242 4423 danda
271 4348 387 4419 luccat
410 4346 449 4416 in
479 4344 638 4417 oratione
662 4357 831 4435 tanquam
858 4340 897 4408 in
918 4339 1022 4409 vultu
1044 4339 1105 4407 in·
1155 4339 1247 4409 losas
1269 4363 1359 4422 esse,
1388 4353 1421 4410 et
1434 4339 1612 4415 Ecclesiae
1635 4354 1825 4427 certamina
1847 4372 2016 4455 tanquam
2037 4370 2148 4444 facem

104 4450 270 4543 genotas
291 4448 460 4533 dicentis,
492 4448 607 4540 sitque
627 4445 773 4539 propria
796 4456 831 4513 et
852 4441 1000 4533 simplex
1023 4465 1105 4510 ora·
1155 4440 1382 4511 dissidiorum
1398 4444 1624 4535 publicorum
1641 4471 1859 4533 execrantur.
1909 4460 1958 4537 Et
1973 4462 2039 4539 hac
2061 4474 2148 4547 ulti-

105 4552 220 4627 tionis
232 4552 365 4637 forma,
390 4549 507 4644 qualis
520 4542 701 4640 Appelleis
718 4559 770 4615 est
785 4544 884 4615 color
905 4543 945 4610 in
962 4542 1104 4616 tabulis.
1155 4567 1212 4611 ma
1228 4556 1337 4613 aetate
1351 4546 1475 4614 muudi
1501 4546 1661 4619 videmus
1683 4548 1774 4626 hanc
1794 4562 2007 4657 cyclopicam
2023 4566 2148 4648 Philo-

104 4652 207 4727 Haec
223 4667 265 4725 nt
287 4652 455 4737 efficiam,
486 4649 623 4721 conniti
648 4672 706 4717 me
738 4670 812 4715 non
839 4644 963 4734 exigua
991 4644 1105 4713 animi
1154 4640 1315 4735 sophiam
1339 4646 1409 4713 late
1432 4650 1572 4737 vagari,
1599 4663 1633 4720 et
1654 4655 1785 4727 multos
1806 4655 1936 4737 habere
1957 4673 2147 4764 adplauso„
2254 4664 2257 4669 .

105 4754 338 4829 contentione
352 4752 460 4825 multi
476 4765 621 4822 norunt.
663 4745 771 4818 Eccic'
785 4771 870 4816 vero
884 4746 1103 4816 voluntatem
1153 4769 1220 4817 res.
1272 4745 1341 4817 Sed
1371 4759 1413 4817 ut
1433 4746 1726 4826 Maccahaeorum
1752 4773 1908 4854 tempore
1932 4795 2007 4843 uon
2032 4780 2147 4854 deleta

104 4856 345 4949 longe-aliam
367 4856 407 4925 in
428 4849 498 4925 hoc
520 4854 597 4945 ipso
621 4872 811 4939 congressu
832 4848 958 4930 luisse,
992 4847 1103 4937 ipsius
1153 4859 1205 4915 est
1222 4842 1378 4917 Ecclesia
1400 4849 1580 4940 funditus,
1612 4854 1662 4927 ita
1685 4860 1868 4937 scimuset
1887 4892 2000 4960 nunc,
2033 4903 2148 4971 quan-

105 4958 384 5033 declamationes
407 4958 620 5039 ostendunt,
644 4953 707 5049 qui
727 4953 772 5021 de
789 4949 973 5053 'industria
994 4972 1103 5040 quae-
1155 4972 1262 5041 quam
1283 4949 1449 5020 atrociter
1474 4958 1716 5043 grassantibus
1738 4959 1866 5037 Turris
1888 4986 1924 5043 et
1944 4978 2146 5054 domesticis

106 5068 191 5137 dam
205 5060 378 5145 involvit,
404 5058 534 5127 deinde
548 5070 665 5150 aperte
684 5054 771 5124 salsa
790 5066 824 5122 et
839 5050 949 5142 impia
972 5050 1105 5123 attexit.
1154 5044 1327 5137 hostibus,
1341 5052 2044 5147 reliquiasEcclesiaeDcumservaturum
2062 5107 2146 5173 esse,

105 5164 202 5237 Nam
216 5164 256 5233 in
271 5174 445 5255 postrema
464 5158 707 5251 peroratione,
733 5178 813 5225 cum
833 5152 947 5223 multa
971 5151 1104 5221 insulsa
1154 5154 1250 5243 apud
1279 5177 1366 5245 quas
1395 5150 1460 5225 bas
1482 5158 1558 5249 pias
1577 5153 1614 5257 ³)
1640 5159 1900 5243 cohortationes
1926 5179 1969 5246 de
1992 5183 2145 5271 pumat,

106 5266 342 5347 cumulasset,
367 5284 458 5357 quae
476 5262 620 5351 indigna
638 5271 739 5329 erant
756 5254 1004 5348 responsione,
1025 5266 1106 5323 tan·
1189 5310 1221 5384 g)

107 5372 191 5439 dem
204 5366 390 5441 Stentorea
408 5388 491 5434 voce
508 5364 711 5440 clamitans,
736 5358 969 5429 confirmabat
983 5355 1105 5444 tulga·
1225 5382 1272 5438 att.

1239 5315 1451 5437 i“‘gii¹,⁰‘·M‘¹‘
1466 5336 1530 5391 opp.
1542 5319 1635 5379 Viteb.
1650 5336 1676 5381 et
1692 5326 1791 5388 Select.
1804 5352 1864 5407 epp.
1884 5337 1944 5407 (obi
1957 5349 2047 5398 tamen
2061 5344 2088 5400 io
2101 5350 2145 5409 ed.

1343 5396 1392 5440 atu
1403 5390 1584 5458 emendatur).

1290 5452 1378 5527 46*
