<?xml version="1.0" encoding="UTF-8"?>
<!DOCTYPE html PUBLIC "-//W3C//DTD XHTML 1.0 Transitional//EN"
    "http://www.w3.org/TR/xhtml1/DTD/xhtml1-transitional.dtd">
<html xmlns="http://www.w3.org/1999/xhtml" xml:lang="en" lang="en">
 <head>
  <title>
</title>
<meta http-equiv="Content-Type" content="text/html;charset=utf-8" />
  <meta name='ocr-system' content='tesseract 3.04.00' />
  <meta name='ocr-capabilities' content='ocr_page ocr_carea ocr_par ocr_line ocrx_word'/>
</head>
<body>
  <div class='ocr_page' id='page_1' title='image "./corpusreformato08melagoog/corpusreformato08melagoog_0301.png"; bbox 0 0 4522 5752; ppageno 0'>
   <div class='ocr_carea' id='block_1_1' title="bbox 94 207 2121 298">
    <p class='ocr_par' dir='ltr' id='par_1_1' title="bbox 94 207 2121 298">
     <span class='ocr_line' id='line_1_1' title="bbox 94 207 2121 298; baseline -0.004 0"><span class='ocrx_word' id='word_1_1' title='bbox 94 215 172 298; x_wconf 71' lang='lat'><strong>659</strong></span> <span class='ocrx_word' id='word_1_2' title='bbox 654 208 1094 290; x_wconf 80' lang='lat' dir='ltr'><strong>EPISTOLARUM</strong></span> <span class='ocrx_word' id='word_1_3' title='bbox 1141 208 1253 288; x_wconf 74' lang='lat' dir='ltr'><strong>uls.</strong></span> <span class='ocrx_word' id='word_1_4' title='bbox 1281 207 1386 291; x_wconf 82' lang='lat' dir='ltr'><strong>vnt</strong></span> <span class='ocrx_word' id='word_1_5' title='bbox 1438 207 1574 285; x_wconf 81' lang='lat' dir='ltr'><strong>tots.</strong></span> <span class='ocrx_word' id='word_1_6' title='bbox 2056 210 2121 289; x_wconf 74' lang='grc'><strong>611</strong></span> 
     </span>
    </p>
   </div>
   <div class='ocr_carea' id='block_1_2' title="bbox 100 379 2176 1297">
    <p class='ocr_par' dir='ltr' id='par_1_2' title="bbox 100 379 2176 1297">
     <span class='ocr_line' id='line_1_2' title="bbox 101 379 2123 488; baseline -0.006 -19"><span class='ocrx_word' id='word_1_7' title='bbox 101 395 169 471; x_wconf 92' lang='lat' dir='ltr'><strong>tibi</strong></span> <span class='ocrx_word' id='word_1_8' title='bbox 188 416 261 466; x_wconf 88' lang='lat' dir='ltr'><strong>esse</strong></span> <span class='ocrx_word' id='word_1_9' title='bbox 283 414 390 488; x_wconf 92' lang='lat' dir='ltr'><strong>quam</strong></span> <span class='ocrx_word' id='word_1_10' title='bbox 418 387 533 459; x_wconf 89' lang='lat' dir='ltr'><strong>nohis.</strong></span> <span class='ocrx_word' id='word_1_11' title='bbox 592 386 710 458; x_wconf 88' lang='lat' dir='ltr'><strong>Semel</strong></span> <span class='ocrx_word' id='word_1_12' title='bbox 733 388 779 458; x_wconf 90' lang='lat' dir='ltr'><strong>ad</strong></span> <span class='ocrx_word' id='word_1_13' title='bbox 810 408 868 456; x_wconf 90' lang='lat' dir='ltr'><strong>me</strong></span> <span class='ocrx_word' id='word_1_14' title='bbox 891 384 1032 477; x_wconf 85' lang='lat' dir='ltr'><strong>scripsit</strong></span> <span class='ocrx_word' id='word_1_15' title='bbox 1056 386 1093 458; x_wconf 81' lang='lat' dir='ltr'><strong>d.</strong></span> <span class='ocrx_word' id='word_1_16' title='bbox 1145 409 1244 471; x_wconf 87' lang='lat' dir='ltr'><strong>mus,</strong></span> <span class='ocrx_word' id='word_1_17' title='bbox 1269 379 1617 458; x_wconf 85' lang='lat' dir='ltr'><strong>authoritatemeum</strong></span> <span class='ocrx_word' id='word_1_18' title='bbox 1633 406 1735 457; x_wconf 84' lang='lat' dir='ltr'><strong>suam</strong></span> <span class='ocrx_word' id='word_1_19' title='bbox 1749 402 1826 457; x_wconf 83' lang='lat' dir='ltr'><strong>non</strong></span> <span class='ocrx_word' id='word_1_20' title='bbox 1844 384 1964 457; x_wconf 84' lang='lat' dir='ltr'><strong>solum</strong></span> <span class='ocrx_word' id='word_1_21' title='bbox 1984 384 2032 455; x_wconf 87' lang='lat' dir='ltr'><strong>ad</strong></span> <span class='ocrx_word' id='word_1_22' title='bbox 2050 409 2123 457; x_wconf 87' lang='lat' dir='ltr'><strong>coa-</strong></span> 
     </span>
     <span class='ocr_line' id='line_1_3' title="bbox 100 486 2125 595; baseline -0.005 -25"><span class='ocrx_word' id='word_1_23' title='bbox 100 493 319 595; x_wconf 82' lang='lat' dir='ltr'><strong>Pdilippus‚</strong></span> <span class='ocrx_word' id='word_1_24' title='bbox 342 492 532 564; x_wconf 88' lang='lat' dir='ltr'><strong>sententias</strong></span> <span class='ocrx_word' id='word_1_25' title='bbox 545 490 656 583; x_wconf 79' lang='lat' dir='ltr'><strong>dictas</strong></span> <span class='ocrx_word' id='word_1_26' title='bbox 671 514 745 561; x_wconf 88' lang='lat' dir='ltr'><strong>esse</strong></span> <span class='ocrx_word' id='word_1_27' title='bbox 760 514 780 560; x_wconf 91' lang='lat' dir='ltr'><strong>a</strong></span> <span class='ocrx_word' id='word_1_28' title='bbox 795 488 925 559; x_wconf 89' lang='lat' dir='ltr'><strong>nostris</strong></span> <span class='ocrx_word' id='word_1_29' title='bbox 940 488 985 558; x_wconf 89' lang='lat' dir='ltr'><strong>de</strong></span> <span class='ocrx_word' id='word_1_30' title='bbox 1000 489 1114 583; x_wconf 90' lang='lat' dir='ltr'><strong>libro</strong></span> <span class='ocrx_word' id='word_1_31' title='bbox 1145 487 1305 559; x_wconf 88' lang='lat' dir='ltr'><strong>cordiam</strong></span> <span class='ocrx_word' id='word_1_32' title='bbox 1328 486 1631 570; x_wconf 87' lang='lat' dir='ltr'><strong>constituendam,</strong></span> <span class='ocrx_word' id='word_1_33' title='bbox 1666 489 1729 558; x_wconf 88' lang='lat' dir='ltr'><strong>sed</strong></span> <span class='ocrx_word' id='word_1_34' title='bbox 1757 487 1933 560; x_wconf 75' lang='lat' dir='ltr'><strong>etiamad</strong></span> <span class='ocrx_word' id='word_1_35' title='bbox 1954 486 2125 559; x_wconf 77' lang='lat' dir='ltr'><strong>veritatem</strong></span> 
     </span>
     <span class='ocr_line' id='line_1_4' title="bbox 102 586 2126 689; baseline -0.006 -14"><span class='ocrx_word' id='word_1_36' title='bbox 102 598 273 675; x_wconf 81' lang='lat' dir='ltr'><strong>exhibito.</strong></span> <span class='ocrx_word' id='word_1_37' title='bbox 322 593 376 669; x_wconf 89' lang='lat' dir='ltr'><strong>Ac</strong></span> <span class='ocrx_word' id='word_1_38' title='bbox 389 595 464 689; x_wconf 89' lang='lat' dir='ltr'><strong>ipse</strong></span> <span class='ocrx_word' id='word_1_39' title='bbox 478 605 513 664; x_wconf 87' lang='lat' dir='ltr'><strong>et</strong></span> <span class='ocrx_word' id='word_1_40' title='bbox 529 607 629 664; x_wconf 89' lang='lat' dir='ltr'><strong>antea</strong></span> <span class='ocrx_word' id='word_1_41' title='bbox 645 592 797 664; x_wconf 88' lang='lat' dir='ltr'><strong>latinum</strong></span> <span class='ocrx_word' id='word_1_42' title='bbox 811 591 981 683; x_wconf 87' lang='lat' dir='ltr'><strong>scriptum</strong></span> <span class='ocrx_word' id='word_1_43' title='bbox 996 615 1095 661; x_wconf 91' lang='lat' dir='ltr'><strong>com-</strong></span> <span class='ocrx_word' id='word_1_44' title='bbox 1143 591 1409 686; x_wconf 79' lang='lat' dir='ltr'><strong>propagandam</strong></span> <span class='ocrx_word' id='word_1_45' title='bbox 1424 586 1453 689; x_wconf 86' lang='lat'><strong>¹)</strong></span> <span class='ocrx_word' id='word_1_46' title='bbox 1492 605 1599 685; x_wconf 89' lang='lat' dir='ltr'><strong>atque</strong></span> <span class='ocrx_word' id='word_1_47' title='bbox 1636 590 1883 663; x_wconf 68' lang='lat' dir='ltr'>illustrandam</span> <span class='ocrx_word' id='word_1_48' title='bbox 1927 588 2126 663; x_wconf 82' lang='lat' dir='ltr'><strong>collaturum</strong></span> 
     </span>
     <span class='ocr_line' id='line_1_5' title="bbox 101 686 2128 801; baseline -0.005 -26"><span class='ocrx_word' id='word_1_49' title='bbox 101 714 285 801; x_wconf 87' lang='lat' dir='ltr'><strong>posuerat,</strong></span> <span class='ocrx_word' id='word_1_50' title='bbox 317 713 352 770; x_wconf 93' lang='lat' dir='ltr'><strong>et</strong></span> <span class='ocrx_word' id='word_1_51' title='bbox 372 711 492 790; x_wconf 89' lang='lat' dir='ltr'><strong>postea</strong></span> <span class='ocrx_word' id='word_1_52' title='bbox 512 696 754 788; x_wconf 79' lang='lat' dir='ltr'><strong>germanicum</strong></span> <span class='ocrx_word' id='word_1_53' title='bbox 779 695 893 763; x_wconf 92' lang='lat' dir='ltr'><strong>multo</strong></span> <span class='ocrx_word' id='word_1_54' title='bbox 917 692 1094 787; x_wconf 82' lang='lat' dir='ltr'>copiosius</span> <span class='ocrx_word' id='word_1_55' title='bbox 1145 716 1231 767; x_wconf 89' lang='lat' dir='ltr'><strong>esse.</strong></span> <span class='ocrx_word' id='word_1_56' title='bbox 1281 690 1430 785; x_wconf 77' lang='lat' dir='ltr'>Propria</span> <span class='ocrx_word' id='word_1_57' title='bbox 1447 695 1611 765; x_wconf 84' lang='lat' dir='ltr'><strong>estenim</strong></span> <span class='ocrx_word' id='word_1_58' title='bbox 1624 692 1695 764; x_wconf 85' lang='lat' dir='ltr'><strong>viri</strong></span> <span class='ocrx_word' id='word_1_59' title='bbox 1707 692 1805 766; x_wconf 89' lang='lat' dir='ltr'><strong>docti</strong></span> <span class='ocrx_word' id='word_1_60' title='bbox 1816 705 1856 765; x_wconf 85' lang='lat' dir='ltr'><strong>et</strong></span> <span class='ocrx_word' id='word_1_61' title='bbox 1867 690 2042 785; x_wconf 86' lang='lat' dir='ltr'><strong>sapientis</strong></span> <span class='ocrx_word' id='word_1_62' title='bbox 2054 686 2128 765; x_wconf 83' lang='lat' dir='ltr'><strong>hacc</strong></span> 
     </span>
     <span class='ocr_line' id='line_1_6' title="bbox 101 793 2129 896; baseline -0.008 -15"><span class='ocrx_word' id='word_1_63' title='bbox 101 801 166 881; x_wconf 84' lang='grc' dir='ltr'><strong>καὶ</strong></span> <span class='ocrx_word' id='word_1_64' title='bbox 181 797 390 896; x_wconf 75' lang='grc' dir='ltr'><em>δεινότερον</em></span> <span class='ocrx_word' id='word_1_65' title='bbox 404 793 583 882; x_wconf 82' lang='lat' dir='ltr'><strong>exhibuit,</strong></span> <span class='ocrx_word' id='word_1_66' title='bbox 608 799 798 886; x_wconf 81' lang='lat' dir='ltr'>diligenter</span> <span class='ocrx_word' id='word_1_67' title='bbox 813 793 1095 866; x_wconf 89' lang='lat' dir='ltr'><strong>commemoratis</strong></span> <span class='ocrx_word' id='word_1_68' title='bbox 1145 794 1258 866; x_wconf 91' lang='lat' dir='ltr'><strong>animi</strong></span> <span class='ocrx_word' id='word_1_69' title='bbox 1290 796 1497 886; x_wconf 73' lang='lat' dir='ltr'>magnitudo</span> <span class='ocrx_word' id='word_1_70' title='bbox 1524 809 1559 870; x_wconf 89' lang='lat' dir='ltr'><strong>et</strong></span> <span class='ocrx_word' id='word_1_71' title='bbox 1582 796 1761 881; x_wconf 69' lang='lat' dir='ltr'><strong>libertas,</strong></span> <span class='ocrx_word' id='word_1_72' title='bbox 1776 808 1836 876; x_wconf 91' lang='lat' dir='ltr'><strong>ut,</strong></span> <span class='ocrx_word' id='word_1_73' title='bbox 1867 796 1970 891; x_wconf 87' lang='lat' dir='ltr'><strong>qood</strong></span> <span class='ocrx_word' id='word_1_74' title='bbox 2004 796 2129 887; x_wconf 85' lang='lat' dir='ltr'><strong>prohat,</strong></span> 
     </span>
     <span class='ocr_line' id='line_1_7' title="bbox 103 892 2130 998; baseline -0.007 -16"><span class='ocrx_word' id='word_1_75' title='bbox 103 909 233 992; x_wconf 90' lang='lat' dir='ltr'><strong>causis,</strong></span> <span class='ocrx_word' id='word_1_76' title='bbox 257 927 365 998; x_wconf 88' lang='lat' dir='ltr'><strong>quare</strong></span> <span class='ocrx_word' id='word_1_77' title='bbox 385 926 460 995; x_wconf 83' lang='lat' dir='ltr'><strong>non</strong></span> <span class='ocrx_word' id='word_1_78' title='bbox 485 901 647 971; x_wconf 79' lang='lat' dir='ltr'>debuerit</span> <span class='ocrx_word' id='word_1_79' title='bbox 671 901 764 969; x_wconf 92' lang='lat' dir='ltr'><strong>liber</strong></span> <span class='ocrx_word' id='word_1_80' title='bbox 784 899 949 968; x_wconf 88' lang='lat' dir='ltr'><strong>anostris</strong></span> <span class='ocrx_word' id='word_1_81' title='bbox 966 921 1096 991; x_wconf 88' lang='lat' dir='ltr'><strong>appro-</strong></span> <span class='ocrx_word' id='word_1_82' title='bbox 1145 899 1350 991; x_wconf 87' lang='lat' dir='ltr'><strong>praesertim</strong></span> <span class='ocrx_word' id='word_1_83' title='bbox 1365 898 1404 967; x_wconf 90' lang='lat' dir='ltr'><strong>in</strong></span> <span class='ocrx_word' id='word_1_84' title='bbox 1419 892 1594 984; x_wconf 75' lang='lat' dir='ltr'><strong>Ecclesia,</strong></span> <span class='ocrx_word' id='word_1_85' title='bbox 1618 898 1769 991; x_wconf 80' lang='lat' dir='ltr'><strong>proferri</strong></span> <span class='ocrx_word' id='word_1_86' title='bbox 1785 896 1894 968; x_wconf 75' lang='lat' dir='ltr'><strong>sinat.</strong></span> <span class='ocrx_word' id='word_1_87' title='bbox 1943 894 2019 967; x_wconf 85' lang='lat' dir='ltr'><strong>Sed</strong></span> <span class='ocrx_word' id='word_1_88' title='bbox 2033 896 2130 989; x_wconf 88' lang='lat' dir='ltr'><strong>ipsias</strong></span> 
     </span>
     <span class='ocr_line' id='line_1_8' title="bbox 101 999 2130 1095; baseline -0.008 -11"><span class='ocrx_word' id='word_1_89' title='bbox 101 1010 192 1084; x_wconf 85' lang='lat' dir='ltr'><strong>bari.</strong></span> <span class='ocrx_word' id='word_1_90' title='bbox 242 1006 390 1077; x_wconf 75' lang='lat' dir='ltr'><strong>Interim</strong></span> <span class='ocrx_word' id='word_1_91' title='bbox 404 1005 600 1095; x_wconf 89' lang='lat' dir='ltr'><strong>accepimus</strong></span> <span class='ocrx_word' id='word_1_92' title='bbox 615 1002 720 1071; x_wconf 86' lang='lat' dir='ltr'><strong>etiam</strong></span> <span class='ocrx_word' id='word_1_93' title='bbox 739 1000 1018 1070; x_wconf 86' lang='lat' dir='ltr'><strong>adversariorum</strong></span> <span class='ocrx_word' id='word_1_94' title='bbox 1038 1023 1096 1068; x_wconf 89' lang='lat' dir='ltr'><strong>re-</strong></span> <span class='ocrx_word' id='word_1_95' title='bbox 1147 1023 1293 1069; x_wconf 87' lang='lat' dir='ltr'><strong>censura</strong></span> <span class='ocrx_word' id='word_1_96' title='bbox 1319 1002 1363 1069; x_wconf 90' lang='lat' dir='ltr'><strong>de</strong></span> <span class='ocrx_word' id='word_1_97' title='bbox 1384 999 1477 1070; x_wconf 89' lang='lat' dir='ltr'><strong>libro</strong></span> <span class='ocrx_word' id='word_1_98' title='bbox 1504 1015 1540 1073; x_wconf 91' lang='lat' dir='ltr'><strong>et</strong></span> <span class='ocrx_word' id='word_1_99' title='bbox 1563 1000 1692 1071; x_wconf 88' lang='lat' dir='ltr'><strong>nostris</strong></span> <span class='ocrx_word' id='word_1_100' title='bbox 1714 999 1892 1084; x_wconf 74' lang='lat' dir='ltr'><strong>articulis,</strong></span> <span class='ocrx_word' id='word_1_101' title='bbox 1925 1022 2035 1092; x_wconf 86' lang='lat' dir='ltr'><strong>quam</strong></span> <span class='ocrx_word' id='word_1_102' title='bbox 2056 1000 2130 1090; x_wconf 73' lang='lat' dir='ltr'><strong>legi·</strong></span> 
     </span>
     <span class='ocr_line' id='line_1_9' title="bbox 102 1096 2175 1207; baseline -0.009 -22"><span class='ocrx_word' id='word_1_103' title='bbox 102 1116 271 1207; x_wconf 84' lang='lat' dir='ltr'><strong>sponsum</strong></span> <span class='ocrx_word' id='word_1_104' title='bbox 291 1111 414 1180; x_wconf 90' lang='lat' dir='ltr'><strong>datum</strong></span> <span class='ocrx_word' id='word_1_105' title='bbox 429 1097 607 1188; x_wconf 80' lang='lat' dir='ltr'><strong>Caesari,</strong></span> <span class='ocrx_word' id='word_1_106' title='bbox 637 1105 732 1195; x_wconf 92' lang='lat' dir='ltr'><strong>quod</strong></span> <span class='ocrx_word' id='word_1_107' title='bbox 757 1117 792 1173; x_wconf 90' lang='lat' dir='ltr'><strong>et</strong></span> <span class='ocrx_word' id='word_1_108' title='bbox 813 1103 946 1172; x_wconf 88' lang='lat' dir='ltr'><strong>librum</strong></span> <span class='ocrx_word' id='word_1_109' title='bbox 966 1103 1098 1171; x_wconf 77' lang='lat' dir='ltr'><strong>refutat</strong></span> <span class='ocrx_word' id='word_1_110' title='bbox 1146 1096 1438 1172; x_wconf 89' lang='lat' dir='ltr'><strong>mushisdiebus</strong></span> <span class='ocrx_word' id='word_1_111' title='bbox 1463 1102 1697 1195; x_wconf 77' lang='lat' dir='ltr'><strong>propositam,</strong></span> <span class='ocrx_word' id='word_1_112' title='bbox 1725 1126 1799 1172; x_wconf 91' lang='lat' dir='ltr'><strong>non</strong></span> <span class='ocrx_word' id='word_1_113' title='bbox 1819 1102 2018 1195; x_wconf 79' lang='lat' dir='ltr'><strong>respondet</strong></span> <span class='ocrx_word' id='word_1_114' title='bbox 2038 1124 2132 1195; x_wconf 79' lang='lat' dir='ltr'><strong>erpe-</strong></span> <span class='ocrx_word' id='word_1_115' title='bbox 2173 1162 2175 1167; x_wconf 88' lang='grc'><em>,</em></span> 
     </span>
     <span class='ocr_line' id='line_1_10' title="bbox 102 1203 2176 1297; baseline -0.009 -10"><span class='ocrx_word' id='word_1_116' title='bbox 102 1230 138 1287; x_wconf 89' lang='lat' dir='ltr'><strong>et</strong></span> <span class='ocrx_word' id='word_1_117' title='bbox 153 1212 261 1284; x_wconf 91' lang='lat' dir='ltr'><strong>semel</strong></span> <span class='ocrx_word' id='word_1_118' title='bbox 277 1209 542 1280; x_wconf 89' lang='lat' dir='ltr'><strong>conciliationes</strong></span> <span class='ocrx_word' id='word_1_119' title='bbox 558 1203 728 1276; x_wconf 87' lang='lat' dir='ltr'><strong>hactenus</strong></span> <span class='ocrx_word' id='word_1_120' title='bbox 745 1218 893 1275; x_wconf 90' lang='lat' dir='ltr'><strong>tentatas</strong></span> <span class='ocrx_word' id='word_1_121' title='bbox 914 1203 1097 1297; x_wconf 86' lang='lat' dir='ltr'><strong>praecidit,</strong></span> <span class='ocrx_word' id='word_1_122' title='bbox 1146 1204 1294 1274; x_wconf 87' lang='lat' dir='ltr'><strong>ctationi</strong></span> <span class='ocrx_word' id='word_1_123' title='bbox 1312 1218 1462 1277; x_wconf 88' lang='lat' dir='ltr'><strong>nostrae.</strong></span> <span class='ocrx_word' id='word_1_124' title='bbox 2173 1216 2176 1227; x_wconf 90' lang='lat'>&#39;</span> 
     </span>
    </p>
   </div>
   <div class='ocr_carea' id='block_1_3' title="bbox 103 1303 2134 1535">
    <p class='ocr_par' dir='ltr' id='par_1_3' title="bbox 103 1303 2134 1535">
     <span class='ocr_line' id='line_1_11' title="bbox 104 1303 2133 1431; baseline -0.001 -43"><span class='ocrx_word' id='word_1_125' title='bbox 104 1317 205 1388; x_wconf 88' lang='lat' dir='ltr'><strong>cuius</strong></span> <span class='ocrx_word' id='word_1_126' title='bbox 221 1312 289 1385; x_wconf 91' lang='lat' dir='ltr'><strong>tihi</strong></span> <span class='ocrx_word' id='word_1_127' title='bbox 304 1310 503 1426; x_wconf 82' lang='lat' dir='ltr'><strong>exemplum</strong></span> <span class='ocrx_word' id='word_1_128' title='bbox 519 1303 759 1377; x_wconf 79' lang='lat' dir='ltr'><strong>exhibendum</strong></span> <span class='ocrx_word' id='word_1_129' title='bbox 781 1306 880 1426; x_wconf 74' lang='lat' dir='ltr'><strong>altini</strong></span> <span class='ocrx_word' id='word_1_130' title='bbox 900 1331 980 1424; x_wconf 81' lang='lat' dir='ltr'><strong>meo</strong></span> <span class='ocrx_word' id='word_1_131' title='bbox 999 1305 1095 1425; x_wconf 83' lang='lat' dir='ltr'><strong>dedi.</strong></span> <span class='ocrx_word' id='word_1_132' title='bbox 1248 1335 1441 1407; x_wconf 55' lang='lat' dir='ltr'><strong>paediam,</strong></span> <span class='ocrx_word' id='word_1_133' title='bbox 1472 1336 1516 1405; x_wconf 61' lang='lat' dir='ltr'><strong>ab</strong></span> <span class='ocrx_word' id='word_1_134' title='bbox 1551 1358 1593 1404; x_wconf 56' lang='grc' dir='ltr'><em>ω</em></span> <span class='ocrx_word' id='word_1_135' title='bbox 1624 1336 1749 1431; x_wconf 60' lang='lat' dir='ltr'><strong>iniquo</strong></span> <span class='ocrx_word' id='word_1_136' title='bbox 1782 1337 2026 1430; x_wconf 54' lang='lat' dir='ltr'><strong>praeiudicio,</strong></span> <span class='ocrx_word' id='word_1_137' title='bbox 2063 1362 2133 1409; x_wconf 66' lang='lat' dir='ltr'><strong>mm</strong></span> 
     </span>
     <span class='ocr_line' id='line_1_12' title="bbox 103 1409 2134 1535; baseline 0 -26"><span class='ocrx_word' id='word_1_138' title='bbox 103 1416 149 1491; x_wconf 79' lang='lat' dir='ltr'><strong>D·</strong></span> <span class='ocrx_word' id='word_1_139' title='bbox 165 1409 366 1510; x_wconf 64' lang='lat' dir='ltr'><strong>Ph¹¹¹l¹l¹¹¹5</strong></span> <span class='ocrx_word' id='word_1_140' title='bbox 383 1436 446 1504; x_wconf 70' lang='lat' dir='ltr'><strong>P⁶¹</strong></span> <span class='ocrx_word' id='word_1_141' title='bbox 462 1411 583 1481; x_wconf 67' lang='lat'>¹¹¹⁸¹³⁵</span> <span class='ocrx_word' id='word_1_142' title='bbox 600 1435 655 1479; x_wconf 74' lang='lat'>¹¹¹⁰</span> <span class='ocrx_word' id='word_1_143' title='bbox 670 1422 824 1499; x_wconf 63' lang='lat' dir='ltr'><strong>¹⁰8¹V¹h</strong></span> <span class='ocrx_word' id='word_1_144' title='bbox 849 1422 889 1478; x_wconf 88' lang='lat'><strong>¹¹¹</strong></span> <span class='ocrx_word' id='word_1_145' title='bbox 902 1432 938 1477; x_wconf 75' lang='lat'><strong>⁵⁰</strong></span> <span class='ocrx_word' id='word_1_146' title='bbox 955 1409 1022 1479; x_wconf 76' lang='lat'>¹¹¹¹</span> <span class='ocrx_word' id='word_1_147' title='bbox 1037 1432 1096 1476; x_wconf 74' lang='lat'><strong>⁰¹·</strong></span> <span class='ocrx_word' id='word_1_148' title='bbox 1148 1439 1291 1532; x_wconf 91' lang='lat' dir='ltr'><strong>quidem</strong></span> <span class='ocrx_word' id='word_1_149' title='bbox 1315 1439 1433 1508; x_wconf 91' lang='lat' dir='ltr'><strong>videat</strong></span> <span class='ocrx_word' id='word_1_150' title='bbox 1451 1460 1518 1507; x_wconf 89' lang='lat' dir='ltr'><strong>nos</strong></span> <span class='ocrx_word' id='word_1_151' title='bbox 1531 1433 1624 1506; x_wconf 90' lang='lat' dir='ltr'><strong>nihil</strong></span> <span class='ocrx_word' id='word_1_152' title='bbox 1646 1440 1798 1509; x_wconf 89' lang='lat' dir='ltr'><strong>absurde</strong></span> <span class='ocrx_word' id='word_1_153' title='bbox 1812 1435 1845 1535; x_wconf 82' lang='lat'><strong>¹)</strong></span> <span class='ocrx_word' id='word_1_154' title='bbox 1865 1440 2022 1526; x_wconf 89' lang='lat' dir='ltr'><strong>sentire,</strong></span> <span class='ocrx_word' id='word_1_155' title='bbox 2051 1436 2134 1511; x_wconf 88' lang='lat' dir='ltr'><strong>nihil</strong></span> 
     </span>
    </p>
   </div>
   <div class='ocr_carea' id='block_1_4' title="bbox 60 1508 1119 3440">
    <p class='ocr_par' dir='ltr' id='par_1_4' title="bbox 60 1508 1119 3440">
     <span class='ocr_line' id='line_1_13' title="bbox 103 1508 1098 1606; baseline -0.017 -13"><span class='ocrx_word' id='word_1_156' title='bbox 103 1543 224 1593; x_wconf 79' lang='lat' dir='ltr'><strong>susem</strong></span> <span class='ocrx_word' id='word_1_157' title='bbox 245 1519 289 1587; x_wconf 85' lang='lat' dir='ltr'><strong>de</strong></span> <span class='ocrx_word' id='word_1_158' title='bbox 312 1514 474 1597; x_wconf 87' lang='lat' dir='ltr'><strong>silentio,</strong></span> <span class='ocrx_word' id='word_1_159' title='bbox 507 1511 591 1606; x_wconf 88' lang='lat' dir='ltr'><strong>quia</strong></span> <span class='ocrx_word' id='word_1_160' title='bbox 610 1512 739 1602; x_wconf 87' lang='lat' dir='ltr'><strong>partim</strong></span> <span class='ocrx_word' id='word_1_161' title='bbox 762 1533 888 1579; x_wconf 89' lang='lat' dir='ltr'><strong>manus</strong></span> <span class='ocrx_word' id='word_1_162' title='bbox 908 1508 1098 1580; x_wconf 85' lang='lat' dir='ltr'><strong>imbecilli-</strong></span> 
     </span>
     <span class='ocr_line' id='line_1_14' title="bbox 102 1609 1096 1712; baseline -0.017 -17"><span class='ocrx_word' id='word_1_163' title='bbox 102 1637 194 1706; x_wconf 88' lang='lat' dir='ltr'><strong>tate,</strong></span> <span class='ocrx_word' id='word_1_164' title='bbox 215 1619 344 1712; x_wconf 86' lang='lat' dir='ltr'><strong>partim</strong></span> <span class='ocrx_word' id='word_1_165' title='bbox 370 1614 661 1707; x_wconf 78' lang='lat' dir='ltr'><strong>occupationibus</strong></span> <span class='ocrx_word' id='word_1_166' title='bbox 678 1613 907 1705; x_wconf 85' lang='lat' dir='ltr'><strong>impediatur,</strong></span> <span class='ocrx_word' id='word_1_167' title='bbox 933 1636 1004 1706; x_wconf 92' lang='lat' dir='ltr'><strong>quo</strong></span> <span class='ocrx_word' id='word_1_168' title='bbox 1028 1609 1096 1680; x_wconf 88' lang='lat' dir='ltr'><strong>mi·</strong></span> 
     </span>
     <span class='ocr_line' id='line_1_15' title="bbox 104 1710 1097 1808; baseline -0.012 -12"><span class='ocrx_word' id='word_1_169' title='bbox 104 1748 174 1796; x_wconf 88' lang='lat' dir='ltr'><strong>nus</strong></span> <span class='ocrx_word' id='word_1_170' title='bbox 195 1737 269 1793; x_wconf 90' lang='lat' dir='ltr'><strong>tam</strong></span> <span class='ocrx_word' id='word_1_171' title='bbox 289 1719 402 1789; x_wconf 87' lang='lat' dir='ltr'><strong>multa</strong></span> <span class='ocrx_word' id='word_1_172' title='bbox 428 1714 579 1787; x_wconf 86' lang='lat' dir='ltr'><strong>scrihere</strong></span> <span class='ocrx_word' id='word_1_173' title='bbox 601 1715 713 1808; x_wconf 88' lang='lat' dir='ltr'><strong>possit</strong></span> <span class='ocrx_word' id='word_1_174' title='bbox 744 1737 849 1808; x_wconf 81' lang='lat' dir='ltr'><strong>quarn</strong></span> <span class='ocrx_word' id='word_1_175' title='bbox 882 1714 1000 1785; x_wconf 89' lang='lat' dir='ltr'><strong>vellet.</strong></span> <span class='ocrx_word' id='word_1_176' title='bbox 1051 1710 1097 1784; x_wconf 90' lang='lat' dir='ltr'><strong>D.</strong></span> 
     </span>
     <span class='ocr_line' id='line_1_16' title="bbox 103 1814 1097 1899; baseline -0.016 -1"><span class='ocrx_word' id='word_1_177' title='bbox 103 1824 206 1899; x_wconf 86' lang='lat' dir='ltr'><strong>Doct.</strong></span> <span class='ocrx_word' id='word_1_178' title='bbox 212 1814 414 1894; x_wconf 83' lang='lat' dir='ltr'><strong>Martinus</strong></span> <span class='ocrx_word' id='word_1_179' title='bbox 429 1815 497 1888; x_wconf 90' lang='lat' dir='ltr'><strong>Dei</strong></span> <span class='ocrx_word' id='word_1_180' title='bbox 512 1819 680 1889; x_wconf 84' lang='lat' dir='ltr'><strong>beneficio</strong></span> <span class='ocrx_word' id='word_1_181' title='bbox 694 1817 817 1887; x_wconf 85' lang='lat' dir='ltr'><strong>enixus</strong></span> <span class='ocrx_word' id='word_1_182' title='bbox 833 1817 1007 1886; x_wconf 88' lang='lat' dir='ltr'><strong>calculum</strong></span> <span class='ocrx_word' id='word_1_183' title='bbox 1022 1838 1097 1884; x_wconf 91' lang='lat' dir='ltr'><strong>non</strong></span> 
     </span>
     <span class='ocr_line' id='line_1_17' title="bbox 104 1912 1098 2015; baseline -0.013 -17"><span class='ocrx_word' id='word_1_184' title='bbox 104 1928 314 2009; x_wconf 88' lang='lat' dir='ltr'><strong>minimum,</strong></span> <span class='ocrx_word' id='word_1_185' title='bbox 347 1944 497 2015; x_wconf 92' lang='lat' dir='ltr'><strong>eumque</strong></span> <span class='ocrx_word' id='word_1_186' title='bbox 520 1920 734 2013; x_wconf 88' lang='lat' dir='ltr'><strong>tricipitem,</strong></span> <span class='ocrx_word' id='word_1_187' title='bbox 766 1941 863 1987; x_wconf 91' lang='lat' dir='ltr'><strong>nunc</strong></span> <span class='ocrx_word' id='word_1_188' title='bbox 882 1918 1010 1987; x_wconf 88' lang='lat' dir='ltr'><strong>melius</strong></span> <span class='ocrx_word' id='word_1_189' title='bbox 1033 1912 1098 1986; x_wconf 90' lang='lat' dir='ltr'><strong>ha·</strong></span> 
     </span>
     <span class='ocr_line' id='line_1_18' title="bbox 81 2012 1098 2115; baseline -0.018 -12"><span class='ocrx_word' id='word_1_190' title='bbox 81 2050 84 2055; x_wconf 83' lang='lat'>&#39;</span> <span class='ocrx_word' id='word_1_191' title='bbox 103 2031 185 2115; x_wconf 88' lang='lat' dir='ltr'><strong>het,</strong></span> <span class='ocrx_word' id='word_1_192' title='bbox 210 2024 318 2098; x_wconf 90' lang='lat' dir='ltr'><strong>hodie</strong></span> <span class='ocrx_word' id='word_1_193' title='bbox 334 2024 441 2095; x_wconf 90' lang='lat' dir='ltr'><strong>etiam</strong></span> <span class='ocrx_word' id='word_1_194' title='bbox 454 2023 669 2094; x_wconf 85' lang='lat' dir='ltr'><strong>valetudinis</strong></span> <span class='ocrx_word' id='word_1_195' title='bbox 685 2041 788 2092; x_wconf 88' lang='lat' dir='ltr'><strong>causa</strong></span> <span class='ocrx_word' id='word_1_196' title='bbox 814 2044 895 2090; x_wconf 90' lang='lat' dir='ltr'><strong>cum</strong></span> <span class='ocrx_word' id='word_1_197' title='bbox 918 2022 955 2089; x_wconf 85' lang='lat' dir='ltr'><strong>d.</strong></span> <span class='ocrx_word' id='word_1_198' title='bbox 967 2012 1098 2112; x_wconf 82' lang='lat' dir='ltr'><strong>Augu-</strong></span> 
     </span>
     <span class='ocr_line' id='line_1_19' title="bbox 104 2121 1099 2218; baseline -0.01 -16"><span class='ocrx_word' id='word_1_199' title='bbox 104 2129 204 2203; x_wconf 83' lang='lat' dir='ltr'><strong>stino</strong></span> <span class='ocrx_word' id='word_1_200' title='bbox 220 2128 364 2201; x_wconf 90' lang='lat' dir='ltr'><strong>Medico</strong></span> <span class='ocrx_word' id='word_1_201' title='bbox 388 2128 484 2197; x_wconf 83' lang='lat' dir='ltr'><strong>foras</strong></span> <span class='ocrx_word' id='word_1_202' title='bbox 505 2125 709 2218; x_wconf 82' lang='lat' dir='ltr'><strong>expatiatus.</strong></span> <span class='ocrx_word' id='word_1_203' title='bbox 760 2121 927 2193; x_wconf 86' lang='lat' dir='ltr'><strong>Proximo</strong></span> <span class='ocrx_word' id='word_1_204' title='bbox 950 2122 1008 2191; x_wconf 92' lang='lat' dir='ltr'><strong>die</strong></span> <span class='ocrx_word' id='word_1_205' title='bbox 1031 2122 1099 2192; x_wconf 91' lang='lat' dir='ltr'><strong>do-</strong></span> 
     </span>
     <span class='ocr_line' id='line_1_20' title="bbox 103 2223 1097 2318; baseline -0.013 -14"><span class='ocrx_word' id='word_1_206' title='bbox 103 2235 238 2305; x_wconf 92' lang='lat' dir='ltr'><strong>minico</strong></span> <span class='ocrx_word' id='word_1_207' title='bbox 254 2232 395 2301; x_wconf 90' lang='lat' dir='ltr'><strong>dolores</strong></span> <span class='ocrx_word' id='word_1_208' title='bbox 416 2228 604 2298; x_wconf 88' lang='lat' dir='ltr'><strong>acerrimos</strong></span> <span class='ocrx_word' id='word_1_209' title='bbox 623 2247 746 2318; x_wconf 90' lang='lat' dir='ltr'><strong>passus</strong></span> <span class='ocrx_word' id='word_1_210' title='bbox 767 2238 819 2296; x_wconf 89' lang='lat' dir='ltr'><strong>est</strong></span> <span class='ocrx_word' id='word_1_211' title='bbox 834 2225 873 2297; x_wconf 90' lang='lat' dir='ltr'><strong>in</strong></span> <span class='ocrx_word' id='word_1_212' title='bbox 891 2223 1097 2308; x_wconf 86' lang='lat' dir='ltr'><strong>coxendice3</strong></span> 
     </span>
     <span class='ocr_line' id='line_1_21' title="bbox 103 2320 1097 2419; baseline -0.013 -12"><span class='ocrx_word' id='word_1_213' title='bbox 103 2336 235 2407; x_wconf 88' lang='lat' dir='ltr'><strong>medici</strong></span> <span class='ocrx_word' id='word_1_214' title='bbox 261 2331 468 2404; x_wconf 86' lang='lat' dir='ltr'><strong>iudicabant</strong></span> <span class='ocrx_word' id='word_1_215' title='bbox 491 2354 564 2400; x_wconf 88' lang='lat' dir='ltr'><strong>esse</strong></span> <span class='ocrx_word' id='word_1_216' title='bbox 586 2330 753 2399; x_wconf 90' lang='lat' dir='ltr'><strong>morbum</strong></span> <span class='ocrx_word' id='word_1_217' title='bbox 773 2320 1003 2419; x_wconf 72' lang='grc' dir='ltr'><strong><em>ἶσχιάὸικον,</em></strong></span> <span class='ocrx_word' id='word_1_218' title='bbox 1035 2327 1097 2395; x_wconf 90' lang='lat' dir='ltr'><strong>scd</strong></span> 
     </span>
     <span class='ocr_line' id='line_1_22' title="bbox 102 2422 1097 2532; baseline -0.011 -24"><span class='ocrx_word' id='word_1_219' title='bbox 102 2435 265 2532; x_wconf 86' lang='lat' dir='ltr'><strong>sequenti</strong></span> <span class='ocrx_word' id='word_1_220' title='bbox 297 2446 400 2504; x_wconf 88' lang='lat' dir='ltr'><strong>nocte</strong></span> <span class='ocrx_word' id='word_1_221' title='bbox 432 2432 524 2525; x_wconf 87' lang='lat' dir='ltr'><strong>cepit</strong></span> <span class='ocrx_word' id='word_1_222' title='bbox 538 2475 776 2506; x_wconf 81' lang='lat'><strong>..........</strong></span> <span class='ocrx_word' id='word_1_223' title='bbox 791 2422 841 2525; x_wconf 73' lang='lat'><strong>¹⁵).</strong></span> <span class='ocrx_word' id='word_1_224' title='bbox 911 2427 1097 2500; x_wconf 88' lang='lat' dir='ltr'><strong>Cruciatus</strong></span> 
     </span>
     <span class='ocr_line' id='line_1_23' title="bbox 105 2529 1098 2622; baseline -0.012 -11"><span class='ocrx_word' id='word_1_225' title='bbox 105 2554 208 2612; x_wconf 89' lang='lat' dir='ltr'><strong>erant</strong></span> <span class='ocrx_word' id='word_1_226' title='bbox 222 2536 334 2622; x_wconf 86' lang='lat' dir='ltr'><strong>saevi,</strong></span> <span class='ocrx_word' id='word_1_227' title='bbox 357 2536 438 2620; x_wconf 89' lang='lat' dir='ltr'><strong>sed,</strong></span> <span class='ocrx_word' id='word_1_228' title='bbox 462 2548 505 2604; x_wconf 88' lang='lat' dir='ltr'><strong>ut</strong></span> <span class='ocrx_word' id='word_1_229' title='bbox 519 2535 611 2620; x_wconf 84' lang='lat' dir='ltr'><strong>dixi,</strong></span> <span class='ocrx_word' id='word_1_230' title='bbox 635 2531 701 2604; x_wconf 90' lang='lat' dir='ltr'><strong>Dei</strong></span> <span class='ocrx_word' id='word_1_231' title='bbox 723 2532 894 2602; x_wconf 86' lang='lat' dir='ltr'><strong>beneficio</strong></span> <span class='ocrx_word' id='word_1_232' title='bbox 918 2555 994 2601; x_wconf 91' lang='lat' dir='ltr'><strong>non</strong></span> <span class='ocrx_word' id='word_1_233' title='bbox 1016 2529 1098 2599; x_wconf 93' lang='lat' dir='ltr'><strong>diu-</strong></span> 
     </span>
     <span class='ocr_line' id='line_1_24' title="bbox 104 2633 1098 2729; baseline -0.015 -14"><span class='ocrx_word' id='word_1_234' title='bbox 104 2641 214 2715; x_wconf 87' lang='lat' dir='ltr'><strong>turni.</strong></span> <span class='ocrx_word' id='word_1_235' title='bbox 249 2638 321 2713; x_wconf 86' lang='lat' dir='ltr'><strong>Hic</strong></span> <span class='ocrx_word' id='word_1_236' title='bbox 337 2637 442 2709; x_wconf 90' lang='lat' dir='ltr'><strong>etiam</strong></span> <span class='ocrx_word' id='word_1_237' title='bbox 458 2653 593 2708; x_wconf 86' lang='lat' dir='ltr'><strong>caetera</strong></span> <span class='ocrx_word' id='word_1_238' title='bbox 612 2635 751 2729; x_wconf 88' lang='lat' dir='ltr'><strong>publice</strong></span> <span class='ocrx_word' id='word_1_239' title='bbox 767 2647 801 2704; x_wconf 89' lang='lat' dir='ltr'><strong>et</strong></span> <span class='ocrx_word' id='word_1_240' title='bbox 814 2633 980 2727; x_wconf 90' lang='lat' dir='ltr'><strong>privatim</strong></span> <span class='ocrx_word' id='word_1_241' title='bbox 998 2644 1098 2701; x_wconf 90' lang='lat' dir='ltr'><strong>trau-</strong></span> 
     </span>
     <span class='ocr_line' id='line_1_25' title="bbox 105 2734 1098 2839; baseline -0.012 -25"><span class='ocrx_word' id='word_1_242' title='bbox 105 2745 219 2839; x_wconf 88' lang='lat' dir='ltr'><strong>quilla</strong></span> <span class='ocrx_word' id='word_1_243' title='bbox 237 2756 339 2826; x_wconf 91' lang='lat' dir='ltr'><strong>sunt,</strong></span> <span class='ocrx_word' id='word_1_244' title='bbox 362 2755 397 2811; x_wconf 87' lang='lat' dir='ltr'><strong>et</strong></span> <span class='ocrx_word' id='word_1_245' title='bbox 412 2739 499 2810; x_wconf 90' lang='lat' dir='ltr'><strong>novi</strong></span> <span class='ocrx_word' id='word_1_246' title='bbox 520 2734 616 2809; x_wconf 90' lang='lat' dir='ltr'><strong>nihil</strong></span> <span class='ocrx_word' id='word_1_247' title='bbox 629 2736 785 2809; x_wconf 91' lang='lat' dir='ltr'><strong>auditur.</strong></span> <span class='ocrx_word' id='word_1_248' title='bbox 820 2736 1011 2829; x_wconf 78' lang='lat' dir='ltr'><strong>Speremus</strong></span> <span class='ocrx_word' id='word_1_249' title='bbox 1027 2734 1098 2804; x_wconf 92' lang='lat' dir='ltr'><strong>iam</strong></span> 
     </span>
     <span class='ocr_line' id='line_1_26' title="bbox 103 2828 1099 2936; baseline -0.014 -19"><span class='ocrx_word' id='word_1_250' title='bbox 103 2848 145 2917; x_wconf 91' lang='lat' dir='ltr'><strong>in</strong></span> <span class='ocrx_word' id='word_1_251' title='bbox 160 2845 278 2918; x_wconf 90' lang='lat' dir='ltr'><strong>reditu</strong></span> <span class='ocrx_word' id='word_1_252' title='bbox 292 2866 365 2914; x_wconf 91' lang='lat' dir='ltr'><strong>esse</strong></span> <span class='ocrx_word' id='word_1_253' title='bbox 381 2857 415 2913; x_wconf 88' lang='lat' dir='ltr'><strong>et</strong></span> <span class='ocrx_word' id='word_1_254' title='bbox 439 2841 596 2936; x_wconf 89' lang='lat' dir='ltr'><strong>reliquos</strong></span> <span class='ocrx_word' id='word_1_255' title='bbox 609 2851 749 2910; x_wconf 88' lang='lat' dir='ltr'><strong>nostros</strong></span> <span class='ocrx_word' id='word_1_256' title='bbox 764 2852 805 2910; x_wconf 93' lang='lat' dir='ltr'><strong>ut</strong></span> <span class='ocrx_word' id='word_1_257' title='bbox 819 2840 936 2932; x_wconf 90' lang='lat' dir='ltr'><strong>ipsum</strong></span> <span class='ocrx_word' id='word_1_258' title='bbox 954 2839 989 2911; x_wconf 91' lang='lat' dir='ltr'><strong>d.</strong></span> <span class='ocrx_word' id='word_1_259' title='bbox 1002 2828 1099 2913; x_wconf 82' lang='lat' dir='ltr'><strong>Phi-</strong></span> 
     </span>
     <span class='ocr_line' id='line_1_27' title="bbox 105 2938 1098 3047; baseline -0.011 -30"><span class='ocrx_word' id='word_1_260' title='bbox 105 2945 260 3047; x_wconf 85' lang='lat' dir='ltr'><strong>lippum.</strong></span> <span class='ocrx_word' id='word_1_261' title='bbox 310 2943 356 3018; x_wconf 92' lang='lat' dir='ltr'><strong>D.</strong></span> <span class='ocrx_word' id='word_1_262' title='bbox 371 2938 590 3014; x_wconf 86' lang='lat' dir='ltr'><strong>Plicordum</strong></span> <span class='ocrx_word' id='word_1_263' title='bbox 602 2943 704 3013; x_wconf 88' lang='lat' dir='ltr'><strong>aiunt</strong></span> <span class='ocrx_word' id='word_1_264' title='bbox 723 2941 793 3010; x_wconf 89' lang='lat' dir='ltr'><strong>iam</strong></span> <span class='ocrx_word' id='word_1_265' title='bbox 805 2940 965 3033; x_wconf 89' lang='lat' dir='ltr'><strong>Lipsiam</strong></span> <span class='ocrx_word' id='word_1_266' title='bbox 978 2939 1098 3007; x_wconf 88' lang='lat' dir='ltr'><strong>venis-</strong></span> 
     </span>
     <span class='ocr_line' id='line_1_28' title="bbox 103 3038 1098 3145; baseline -0.014 -23"><span class='ocrx_word' id='word_1_267' title='bbox 103 3074 157 3135; x_wconf 89' lang='lat' dir='ltr'><strong>se;</strong></span> <span class='ocrx_word' id='word_1_268' title='bbox 184 3044 370 3120; x_wconf 76' lang='lat' dir='ltr'><strong>verum&#39;an</strong></span> <span class='ocrx_word' id='word_1_269' title='bbox 380 3038 598 3145; x_wconf 81' lang='lat' dir='ltr'><strong>Philippum</strong></span> <span class='ocrx_word' id='word_1_270' title='bbox 613 3040 744 3114; x_wconf 90' lang='lat' dir='ltr'><strong>habeat</strong></span> <span class='ocrx_word' id='word_1_271' title='bbox 756 3044 919 3113; x_wconf 90' lang='lat' dir='ltr'><strong>comitem</strong></span> <span class='ocrx_word' id='word_1_272' title='bbox 936 3042 1098 3110; x_wconf 90' lang='lat' dir='ltr'><strong>nondum</strong></span> 
     </span>
     <span class='ocr_line' id='line_1_29' title="bbox 60 3144 1100 3241; baseline -0.01 -19"><span class='ocrx_word' id='word_1_273' title='bbox 60 3190 64 3205; x_wconf 87' lang='lat'>·</span> <span class='ocrx_word' id='word_1_274' title='bbox 104 3154 245 3223; x_wconf 88' lang='lat' dir='ltr'><strong>scimus.</strong></span> <span class='ocrx_word' id='word_1_275' title='bbox 294 3147 410 3219; x_wconf 82' lang='lat' dir='ltr'><strong>Deum</strong></span> <span class='ocrx_word' id='word_1_276' title='bbox 424 3173 566 3241; x_wconf 86' lang='lat' dir='ltr'><strong>precor,</strong></span> <span class='ocrx_word' id='word_1_277' title='bbox 592 3160 634 3216; x_wconf 89' lang='lat' dir='ltr'><strong>ut</strong></span> <span class='ocrx_word' id='word_1_278' title='bbox 648 3157 682 3214; x_wconf 88' lang='lat' dir='ltr'><strong>et</strong></span> <span class='ocrx_word' id='word_1_279' title='bbox 694 3145 857 3215; x_wconf 89' lang='lat' dir='ltr'><strong>ecclesiae</strong></span> <span class='ocrx_word' id='word_1_280' title='bbox 880 3159 960 3215; x_wconf 89' lang='lat' dir='ltr'><strong>tuae</strong></span> <span class='ocrx_word' id='word_1_281' title='bbox 981 3144 1100 3212; x_wconf 90' lang='lat' dir='ltr'><strong>incre-</strong></span> 
     </span>
     <span class='ocr_line' id='line_1_30' title="bbox 104 3247 1099 3342; baseline -0.009 -19"><span class='ocrx_word' id='word_1_282' title='bbox 104 3269 265 3327; x_wconf 91' lang='lat' dir='ltr'><strong>mentum</strong></span> <span class='ocrx_word' id='word_1_283' title='bbox 282 3251 469 3342; x_wconf 81' lang='lat' dir='ltr'><strong>largiatur,</strong></span> <span class='ocrx_word' id='word_1_284' title='bbox 495 3266 529 3323; x_wconf 92' lang='lat' dir='ltr'><strong>et</strong></span> <span class='ocrx_word' id='word_1_285' title='bbox 545 3266 579 3321; x_wconf 90' lang='lat' dir='ltr'><strong>te</strong></span> <span class='ocrx_word' id='word_1_286' title='bbox 596 3247 650 3318; x_wconf 92' lang='lat' dir='ltr'><strong>illi</strong></span> <span class='ocrx_word' id='word_1_287' title='bbox 668 3272 709 3317; x_wconf 90' lang='lat' dir='ltr'><strong>ac</strong></span> <span class='ocrx_word' id='word_1_288' title='bbox 727 3248 833 3317; x_wconf 89' lang='lat' dir='ltr'><strong>nobis</strong></span> <span class='ocrx_word' id='word_1_289' title='bbox 856 3247 1041 3317; x_wconf 86' lang='lat' dir='ltr'><strong>confirmet</strong></span> <span class='ocrx_word' id='word_1_290' title='bbox 1064 3258 1099 3314; x_wconf 89' lang='lat' dir='ltr'><strong>et</strong></span> 
     </span>
     <span class='ocr_line' id='line_1_31' title="bbox 105 3342 1119 3440; baseline -0.012 -15"><span class='ocrx_word' id='word_1_291' title='bbox 105 3370 229 3430; x_wconf 85' lang='lat' dir='ltr'><strong>servet.</strong></span> <span class='ocrx_word' id='word_1_292' title='bbox 278 3352 376 3425; x_wconf 89' lang='lat' dir='ltr'><strong>Bene</strong></span> <span class='ocrx_word' id='word_1_293' title='bbox 391 3356 481 3427; x_wconf 79' lang='lat' dir='ltr'><strong>vale.</strong></span> <span class='ocrx_word' id='word_1_294' title='bbox 535 3351 783 3440; x_wconf 81' lang='lat' dir='ltr'><strong>Wittebergae</strong></span> <span class='ocrx_word' id='word_1_295' title='bbox 798 3348 955 3423; x_wconf 68' lang='lat' dir='ltr'><strong>toloni</strong></span> <span class='ocrx_word' id='word_1_296' title='bbox 973 3342 1082 3420; x_wconf 78' lang='lat'><strong>1541.</strong></span> <span class='ocrx_word' id='word_1_297' title='bbox 1113 3402 1119 3413; x_wconf 77' lang='grc'>.</span> 
     </span>
    </p>
   </div>
   <div class='ocr_carea' id='block_1_5' title="bbox 668 3480 1048 3575">
    <p class='ocr_par' dir='ltr' id='par_1_5' title="bbox 668 3480 1048 3575">
     <span class='ocr_line' id='line_1_32' title="bbox 668 3480 1048 3575; baseline -0.005 -21"><span class='ocrx_word' id='word_1_298' title='bbox 668 3480 802 3575; x_wconf 86' lang='lat' dir='ltr'><strong>Caspar</strong></span> <span class='ocrx_word' id='word_1_299' title='bbox 815 3481 995 3572; x_wconf 82' lang='lat' dir='ltr'><strong>Cruciger.</strong></span> <span class='ocrx_word' id='word_1_300' title='bbox 1013 3482 1048 3552; x_wconf 91' lang='lat' dir='ltr'><strong>d.</strong></span> 
     </span>
    </p>
   </div>
   <div class='ocr_carea' id='block_1_6' title="bbox 641 3727 1099 3740">
    <p class='ocr_par' dir='ltr' id='par_1_6' title="bbox 641 3727 1099 3740">
     <span class='ocr_line' id='line_1_33' title="bbox 641 3727 1099 3740; baseline -0.011 0"><span class='ocrx_word' id='word_1_301' title='bbox 641 3727 920 3740; x_wconf 39' lang='lat' dir='ltr'><strong>monn—...fin-</strong></span> <span class='ocrx_word' id='word_1_302' title='bbox 928 3732 934 3737; x_wconf 95' lang='lat'><strong>.</strong></span> <span class='ocrx_word' id='word_1_303' title='bbox 947 3732 953 3737; x_wconf 88' lang='lat'><strong>.</strong></span> <span class='ocrx_word' id='word_1_304' title='bbox 961 3728 1099 3740; x_wconf 51' lang='grc' dir='ltr'><em>...η-...-</em></span> 
     </span>
    </p>
   </div>
   <div class='ocr_carea' id='block_1_7' title="bbox 935 3869 1077 3939">
    <p class='ocr_par' dir='ltr' id='par_1_7' title="bbox 935 3869 1077 3939">
     <span class='ocr_line' id='line_1_34' title="bbox 935 3869 1077 3939; baseline -0.035 -2"><span class='ocrx_word' id='word_1_305' title='bbox 935 3880 993 3939; x_wconf 70' lang='lat'><strong>20.</strong></span> <span class='ocrx_word' id='word_1_306' title='bbox 1015 3869 1077 3934; x_wconf 89' lang='lat' dir='ltr'><strong>Iul.</strong></span> 
     </span>
    </p>
   </div>
   <div class='ocr_carea' id='block_1_8' title="bbox 924 3963 1095 3990">
    <p class='ocr_par' dir='ltr' id='par_1_8' title="bbox 924 3963 1095 3990">
     <span class='ocr_line' id='line_1_35' title="bbox 924 3963 1095 3990; baseline 0.006 -1"><span class='ocrx_word' id='word_1_307' title='bbox 924 3963 1095 3990; x_wconf 43' lang='lat' dir='ltr'><strong>w„</strong></span> 
     </span>
    </p>
   </div>
   <div class='ocr_carea' id='block_1_9' title="bbox 124 3872 324 3949">
    <p class='ocr_par' dir='ltr' id='par_1_9' title="bbox 124 3872 324 3949">
     <span class='ocr_line' id='line_1_36' title="bbox 124 3872 324 3949; baseline 0.005 -2"><span class='ocrx_word' id='word_1_308' title='bbox 124 3875 194 3949; x_wconf 83' lang='lat' dir='ltr'><strong>No.</strong></span> <span class='ocrx_word' id='word_1_309' title='bbox 208 3872 324 3948; x_wconf 78' lang='lat' dir='ltr'><strong>atat.</strong></span> 
     </span>
    </p>
   </div>
   <div class='ocr_carea' id='block_1_10' title="bbox 115 3972 329 4008">
    <p class='ocr_par' dir='ltr' id='par_1_10' title="bbox 115 3972 329 4008">
     <span class='ocr_line' id='line_1_37' title="bbox 115 3972 329 4008; baseline -0.014 -3"><span class='ocrx_word' id='word_1_310' title='bbox 115 3972 329 4008; x_wconf 56' lang='grc' dir='ltr'><strong><em>Μ</em></strong></span> 
     </span>
    </p>
   </div>
   <div class='ocr_carea' id='block_1_11' title="bbox 227 4048 990 4168">
    <p class='ocr_par' dir='ltr' id='par_1_11' title="bbox 227 4048 990 4168">
     <span class='ocr_line' id='line_1_38' title="bbox 227 4048 990 4168; baseline -0.012 -24"><span class='ocrx_word' id='word_1_311' title='bbox 227 4056 438 4168; x_wconf 75' lang='lat' dir='ltr'><strong>Theologi</strong></span> <span class='ocrx_word' id='word_1_312' title='bbox 467 4050 528 4134; x_wconf 88' lang='lat' dir='ltr'><strong>od</strong></span> <span class='ocrx_word' id='word_1_313' title='bbox 556 4048 824 4133; x_wconf 80' lang='lat' dir='ltr'><strong>Fridericum</strong></span> <span class='ocrx_word' id='word_1_314' title='bbox 842 4048 990 4136; x_wconf 75' lang='lat' dir='ltr'><strong>Palas.</strong></span> 
     </span>
    </p>
   </div>
   <div class='ocr_carea' id='block_1_12' title="bbox 176 4225 1107 4578">
    <p class='ocr_par' dir='ltr' id='par_1_12' title="bbox 176 4225 1107 4578">
     <span class='ocr_line' id='line_1_39' title="bbox 176 4225 1105 4296; baseline -0.011 -4"><span class='ocrx_word' id='word_1_315' title='bbox 176 4237 253 4292; x_wconf 85' lang='lat' dir='ltr'><strong>Edita</strong></span> <span class='ocrx_word' id='word_1_316' title='bbox 267 4235 295 4289; x_wconf 88' lang='lat' dir='ltr'><strong>in</strong></span> <span class='ocrx_word' id='word_1_317' title='bbox 310 4230 407 4288; x_wconf 80' lang='lat' dir='ltr'><strong>Bucari</strong></span> <span class='ocrx_word' id='word_1_318' title='bbox 420 4228 486 4284; x_wconf 81' lang='lat' dir='ltr'><strong>actis</strong></span> <span class='ocrx_word' id='word_1_319' title='bbox 501 4227 604 4282; x_wconf 83' lang='lat' dir='ltr'><strong>Ratish.</strong></span> <span class='ocrx_word' id='word_1_320' title='bbox 621 4227 667 4283; x_wconf 83' lang='lat' dir='ltr'><strong>lat.</strong></span> <span class='ocrx_word' id='word_1_321' title='bbox 682 4244 710 4296; x_wconf 90' lang='lat' dir='ltr'><strong>p.</strong></span> <span class='ocrx_word' id='word_1_322' title='bbox 722 4229 790 4292; x_wconf 77' lang='lat'><strong>100,</strong></span> <span class='ocrx_word' id='word_1_323' title='bbox 803 4227 830 4279; x_wconf 88' lang='lat' dir='ltr'><strong>in</strong></span> <span class='ocrx_word' id='word_1_324' title='bbox 839 4225 1023 4283; x_wconf 85' lang='lat' dir='ltr'><strong>Melanthonis</strong></span> <span class='ocrx_word' id='word_1_325' title='bbox 1036 4239 1105 4284; x_wconf 78' lang='lat' dir='ltr'><strong>actas</strong></span> 
     </span>
     <span class='ocr_line' id='line_1_40' title="bbox 210 4294 1104 4370; baseline -0.015 -10"><span class='ocrx_word' id='word_1_326' title='bbox 210 4305 316 4361; x_wconf 84' lang='lat' dir='ltr'><strong>Ratish.</strong></span> <span class='ocrx_word' id='word_1_327' title='bbox 328 4301 380 4355; x_wconf 81' lang='lat' dir='ltr'><strong>tie.</strong></span> <span class='ocrx_word' id='word_1_328' title='bbox 392 4299 422 4355; x_wconf 90' lang='lat' dir='ltr'><strong>S.</strong></span> <span class='ocrx_word' id='word_1_329' title='bbox 435 4301 461 4354; x_wconf 78' lang='grc'><strong>8.</strong></span> <span class='ocrx_word' id='word_1_330' title='bbox 476 4299 542 4351; x_wconf 87' lang='lat' dir='ltr'><strong>etin</strong></span> <span class='ocrx_word' id='word_1_331' title='bbox 557 4297 643 4351; x_wconf 86' lang='lat' dir='ltr'><strong>eiusd.</strong></span> <span class='ocrx_word' id='word_1_332' title='bbox 659 4315 722 4367; x_wconf 88' lang='lat' dir='ltr'><strong>opp.</strong></span> <span class='ocrx_word' id='word_1_333' title='bbox 738 4294 853 4349; x_wconf 85' lang='lat' dir='ltr'><strong>Witeh.</strong></span> <span class='ocrx_word' id='word_1_334' title='bbox 868 4296 892 4348; x_wconf 87' lang='grc' dir='ltr'>Τ</span> <span class='ocrx_word' id='word_1_335' title='bbox 894 4296 955 4350; x_wconf 77' lang='lat' dir='ltr'><strong>‚lV.</strong></span> <span class='ocrx_word' id='word_1_336' title='bbox 969 4299 1104 4370; x_wconf 66' lang='lat' dir='ltr'><strong>p.7572q.</strong></span> 
     </span>
     <span class='ocr_line' id='line_1_41' title="bbox 212 4363 1104 4441; baseline -0.008 -13"><span class='ocrx_word' id='word_1_337' title='bbox 212 4402 248 4416; x_wconf 90' lang='lat'><em>-</em></span> <span class='ocrx_word' id='word_1_338' title='bbox 270 4374 319 4428; x_wconf 88' lang='lat' dir='ltr'><strong>Est</strong></span> <span class='ocrx_word' id='word_1_339' title='bbox 337 4386 497 4441; x_wconf 82' lang='lat' dir='ltr'><strong>responsum</strong></span> <span class='ocrx_word' id='word_1_340' title='bbox 517 4367 711 4436; x_wconf 75' lang='lat' dir='ltr'><strong>theologorum</strong></span> <span class='ocrx_word' id='word_1_341' title='bbox 734 4363 964 4434; x_wconf 75' lang='lat' dir='ltr'><strong>protestantium,</strong></span> <span class='ocrx_word' id='word_1_342' title='bbox 997 4368 1104 4421; x_wconf 87' lang='lat' dir='ltr'><strong>Melan·</strong></span> 
     </span>
     <span class='ocr_line' id='line_1_42' title="bbox 213 4431 1107 4510; baseline -0.009 -14"><span class='ocrx_word' id='word_1_343' title='bbox 213 4443 297 4496; x_wconf 88' lang='lat' dir='ltr'><strong>thone</strong></span> <span class='ocrx_word' id='word_1_344' title='bbox 325 4441 471 4510; x_wconf 82' lang='lat' dir='ltr'><strong>interprete</strong></span> <span class='ocrx_word' id='word_1_345' title='bbox 496 4436 627 4490; x_wconf 89' lang='lat' dir='ltr'><strong>traditum</strong></span> <span class='ocrx_word' id='word_1_346' title='bbox 653 4432 795 4488; x_wconf 86' lang='lat' dir='ltr'><strong>Friderico</strong></span> <span class='ocrx_word' id='word_1_347' title='bbox 819 4431 912 4487; x_wconf 86' lang='lat' dir='ltr'><strong>Princi</strong></span> <span class='ocrx_word' id='word_1_348' title='bbox 932 4435 941 4486; x_wconf 93' lang='lat' dir='ltr'><strong>i</strong></span> <span class='ocrx_word' id='word_1_349' title='bbox 964 4434 1107 4499; x_wconf 85' lang='lat' dir='ltr'><strong>Palatino,</strong></span> 
     </span>
     <span class='ocr_line' id='line_1_43' title="bbox 214 4453 1061 4578; baseline -0.002 -16"><span class='ocrx_word' id='word_1_350' title='bbox 214 4507 380 4563; x_wconf 81' lang='lat' dir='ltr'><strong>moderatori</strong></span> <span class='ocrx_word' id='word_1_351' title='bbox 394 4504 525 4578; x_wconf 80' lang='lat' dir='ltr'><strong>colloquii</strong></span> <span class='ocrx_word' id='word_1_352' title='bbox 541 4504 685 4574; x_wconf 82' lang='lat' dir='ltr'><strong>adscripta</strong></span> <span class='ocrx_word' id='word_1_353' title='bbox 701 4502 848 4557; x_wconf 86' lang='lat' dir='ltr'><strong>Centareni</strong></span> <span class='ocrx_word' id='word_1_354' title='bbox 864 4503 892 4557; x_wconf 91' lang='lat' dir='ltr'><strong>d.</strong></span> <span class='ocrx_word' id='word_1_355' title='bbox 907 4453 935 4559; x_wconf 79' lang='lat' dir='ltr'><strong>d.</strong></span> <span class='ocrx_word' id='word_1_356' title='bbox 953 4504 995 4559; x_wconf 82' lang='lat'><strong>12.</strong></span> <span class='ocrx_word' id='word_1_357' title='bbox 1009 4503 1061 4560; x_wconf 84' lang='lat' dir='ltr'><strong>lot.</strong></span> 
     </span>
    </p>
   </div>
   <div class='ocr_carea' id='block_1_13' title="bbox 88 4650 1107 4859">
    <p class='ocr_par' dir='ltr' id='par_1_13' title="bbox 88 4650 1107 4859">
     <span class='ocr_line' id='line_1_44' title="bbox 88 4650 1107 4767; baseline -0.01 -24"><span class='ocrx_word' id='word_1_358' title='bbox 88 4659 94 4673; x_wconf 65' lang='grc'>’</span> <span class='ocrx_word' id='word_1_359' title='bbox 107 4662 317 4767; x_wconf 82' lang='lat' dir='ltr'><strong>Responsio</strong></span> <span class='ocrx_word' id='word_1_360' title='bbox 331 4656 386 4732; x_wconf 83' lang='lat' dir='ltr'><strong>od</strong></span> <span class='ocrx_word' id='word_1_361' title='bbox 396 4683 583 4731; x_wconf 80' lang='lat' dir='ltr'><strong>censuram</strong></span> <span class='ocrx_word' id='word_1_362' title='bbox 595 4650 656 4731; x_wconf 89' lang='lat' dir='ltr'><strong>Co</strong></span> <span class='ocrx_word' id='word_1_363' title='bbox 666 4683 688 4727; x_wconf 86' lang='lat' dir='ltr'><strong>n</strong></span> <span class='ocrx_word' id='word_1_364' title='bbox 699 4666 712 4728; x_wconf 89' lang='lat' dir='ltr'><strong>t</strong></span> <span class='ocrx_word' id='word_1_365' title='bbox 722 4682 745 4726; x_wconf 88' lang='lat' dir='ltr'><strong>a</strong></span> <span class='ocrx_word' id='word_1_366' title='bbox 756 4682 775 4727; x_wconf 96' lang='lat' dir='ltr'><strong>r</strong></span> <span class='ocrx_word' id='word_1_367' title='bbox 786 4682 831 4728; x_wconf 86' lang='lat' dir='ltr'><strong>en</strong></span> <span class='ocrx_word' id='word_1_368' title='bbox 842 4657 859 4728; x_wconf 89' lang='lat' dir='ltr'><strong>i</strong></span> <span class='ocrx_word' id='word_1_369' title='bbox 871 4650 1107 4749; x_wconf 76' lang='lat' dir='ltr'><strong>cardinatis,</strong></span> 
     </span>
     <span class='ocr_line' id='line_1_45' title="bbox 291 4757 921 4859; baseline -0.006 -25"><span class='ocrx_word' id='word_1_370' title='bbox 291 4758 335 4834; x_wconf 83' lang='lat' dir='ltr'><strong>de</strong></span> <span class='ocrx_word' id='word_1_371' title='bbox 353 4760 467 4847; x_wconf 83' lang='lat' dir='ltr'><strong>libro,</strong></span> <span class='ocrx_word' id='word_1_372' title='bbox 493 4770 525 4832; x_wconf 83' lang='lat' dir='ltr'><strong>et</strong></span> <span class='ocrx_word' id='word_1_373' title='bbox 544 4757 716 4831; x_wconf 81' lang='lat' dir='ltr'><strong>articulis</strong></span> <span class='ocrx_word' id='word_1_374' title='bbox 734 4759 921 4859; x_wconf 88' lang='lat' dir='ltr'><strong>oppositis.</strong></span> 
     </span>
    </p>
   </div>
   <div class='ocr_carea' id='block_1_14' title="bbox 110 4882 1106 5092">
    <p class='ocr_par' dir='ltr' id='par_1_14' title="bbox 110 4882 1106 5092">
     <span class='ocr_line' id='line_1_46' title="bbox 110 4882 1106 4977; baseline -0.006 0"><span class='ocrx_word' id='word_1_375' title='bbox 110 4882 211 4977; x_wconf 82' lang='lat' dir='ltr'><strong>Cum</strong></span> <span class='ocrx_word' id='word_1_376' title='bbox 226 4899 520 4973; x_wconf 82' lang='lat' dir='ltr'><strong>intellexissemus</strong></span> <span class='ocrx_word' id='word_1_377' title='bbox 537 4891 621 4966; x_wconf 91' lang='lat' dir='ltr'><strong>huic</strong></span> <span class='ocrx_word' id='word_1_378' title='bbox 637 4898 827 4966; x_wconf 81' lang='lat' dir='ltr'><strong>conventui</strong></span> <span class='ocrx_word' id='word_1_379' title='bbox 851 4898 1106 4971; x_wconf 86' lang='lat' dir='ltr'><strong>interfuturum</strong></span> 
     </span>
     <span class='ocr_line' id='line_1_47' title="bbox 110 4990 1106 5092; baseline -0.019 -13"><span class='ocrx_word' id='word_1_380' title='bbox 110 5030 185 5078; x_wconf 89' lang='lat' dir='ltr'><strong>esse</strong></span> <span class='ocrx_word' id='word_1_381' title='bbox 205 5003 433 5078; x_wconf 86' lang='lat' dir='ltr'><strong>Cardiualem</strong></span> <span class='ocrx_word' id='word_1_382' title='bbox 457 4990 727 5082; x_wconf 85' lang='lat' dir='ltr'><strong>Contarenum,</strong></span> <span class='ocrx_word' id='word_1_383' title='bbox 761 5000 855 5068; x_wconf 89' lang='lat' dir='ltr'><strong>bona</strong></span> <span class='ocrx_word' id='word_1_384' title='bbox 880 5000 917 5068; x_wconf 91' lang='lat' dir='ltr'><strong>in</strong></span> <span class='ocrx_word' id='word_1_385' title='bbox 942 5023 1003 5092; x_wconf 91' lang='lat' dir='ltr'><strong>spe</strong></span> <span class='ocrx_word' id='word_1_386' title='bbox 1029 5028 1106 5073; x_wconf 90' lang='lat' dir='ltr'><strong>era.</strong></span> 
     </span>
    </p>
   </div>
   <div class='ocr_carea' id='block_1_15' title="bbox 113 5224 332 5242">
    <p class='ocr_par' dir='ltr' id='par_1_15' title="bbox 113 5224 332 5242">
     <span class='ocr_line' id='line_1_48' title="bbox 113 5224 332 5242; baseline -0.009 0"><span class='ocrx_word' id='word_1_387' title='bbox 113 5224 332 5242; x_wconf 48' lang='lat' dir='ltr'><strong>—a-n--ae</strong></span> 
     </span>
    </p>
   </div>
   <div class='ocr_carea' id='block_1_16' title="bbox 105 5322 1107 5474">
    <p class='ocr_par' dir='ltr' id='par_1_16' title="bbox 105 5322 1107 5474">
     <span class='ocr_line' id='line_1_49' title="bbox 105 5322 1107 5407; baseline -0.007 -10"><span class='ocrx_word' id='word_1_388' title='bbox 105 5322 108 5326; x_wconf 15' lang='grc' dir='ltr'><em>Α</em></span> <span class='ocrx_word' id='word_1_389' title='bbox 146 5346 175 5407; x_wconf 75' lang='lat' dir='ltr'><strong>*l</strong></span> <span class='ocrx_word' id='word_1_390' title='bbox 193 5340 351 5396; x_wconf 78' lang='lat' dir='ltr'><strong>Abscissum</strong></span> <span class='ocrx_word' id='word_1_391' title='bbox 365 5344 404 5389; x_wconf 83' lang='lat' dir='ltr'><strong>est</strong></span> <span class='ocrx_word' id='word_1_392' title='bbox 416 5333 462 5388; x_wconf 91' lang='lat' dir='ltr'><strong>hic</strong></span> <span class='ocrx_word' id='word_1_393' title='bbox 476 5328 578 5405; x_wconf 83' lang='lat' dir='ltr'><strong>aliquid</strong></span> <span class='ocrx_word' id='word_1_394' title='bbox 593 5330 715 5394; x_wconf 79' lang='lat' dir='ltr'><strong>chartae3</strong></span> <span class='ocrx_word' id='word_1_395' title='bbox 732 5332 862 5402; x_wconf 87' lang='lat' dir='ltr'><strong>scriptum</strong></span> <span class='ocrx_word' id='word_1_396' title='bbox 877 5330 1009 5387; x_wconf 76' lang='lat' dir='ltr'><strong>suitlere:</strong></span> <span class='ocrx_word' id='word_1_397' title='bbox 1026 5337 1107 5390; x_wconf 74' lang='lat' dir='ltr'><strong>exire</strong></span> 
     </span>
     <span class='ocr_line' id='line_1_50' title="bbox 179 5403 492 5474; baseline -0.016 -13"><span class='ocrx_word' id='word_1_398' title='bbox 179 5411 320 5474; x_wconf 75' lang='lat' dir='ltr'><strong>salustus,</strong></span> <span class='ocrx_word' id='word_1_399' title='bbox 339 5406 383 5461; x_wconf 81' lang='lat' dir='ltr'><strong>rel</strong></span> <span class='ocrx_word' id='word_1_400' title='bbox 395 5403 492 5459; x_wconf 86' lang='lat' dir='ltr'><strong>simile.</strong></span> 
     </span>
    </p>
   </div>
   <div class='ocr_carea' id='block_1_17' title="bbox 1148 1540 2177 2857">
    <p class='ocr_par' dir='ltr' id='par_1_17' title="bbox 1148 1540 2177 2857">
     <span class='ocr_line' id='line_1_51' title="bbox 1148 1540 2133 1634; baseline 0.001 -24"><span class='ocrx_word' id='word_1_401' title='bbox 1148 1540 1323 1634; x_wconf 88' lang='lat' dir='ltr'><strong>profiteri,</strong></span> <span class='ocrx_word' id='word_1_402' title='bbox 1347 1542 1443 1634; x_wconf 91' lang='lat' dir='ltr'><strong>quod</strong></span> <span class='ocrx_word' id='word_1_403' title='bbox 1463 1552 1596 1631; x_wconf 82' lang='lat' dir='ltr'><strong>pugnet</strong></span> <span class='ocrx_word' id='word_1_404' title='bbox 1616 1564 1695 1610; x_wconf 89' lang='lat' dir='ltr'><strong>cum</strong></span> <span class='ocrx_word' id='word_1_405' title='bbox 1718 1540 1815 1613; x_wconf 89' lang='lat' dir='ltr'><strong>sanis</strong></span> <span class='ocrx_word' id='word_1_406' title='bbox 1834 1541 1984 1613; x_wconf 86' lang='lat' dir='ltr'><strong>iudiciis</strong></span> <span class='ocrx_word' id='word_1_407' title='bbox 2002 1542 2133 1634; x_wconf 84' lang='lat' dir='ltr'><strong>piorum</strong></span> 
     </span>
     <span class='ocr_line' id='line_1_52' title="bbox 1148 1636 2134 1728; baseline 0 -16"><span class='ocrx_word' id='word_1_408' title='bbox 1148 1656 1182 1713; x_wconf 87' lang='lat' dir='ltr'><strong>et</strong></span> <span class='ocrx_word' id='word_1_409' title='bbox 1207 1645 1391 1712; x_wconf 88' lang='lat' dir='ltr'><strong>doctorum</strong></span> <span class='ocrx_word' id='word_1_410' title='bbox 1416 1642 1455 1710; x_wconf 92' lang='lat' dir='ltr'><strong>in</strong></span> <span class='ocrx_word' id='word_1_411' title='bbox 1481 1636 1638 1711; x_wconf 84' lang='lat' dir='ltr'><strong>Ecclesia</strong></span> <span class='ocrx_word' id='word_1_412' title='bbox 1662 1638 1816 1728; x_wconf 85' lang='lat' dir='ltr'><strong>Christi,</strong></span> <span class='ocrx_word' id='word_1_413' title='bbox 1855 1644 1931 1714; x_wconf 93' lang='lat' dir='ltr'><strong>imo</strong></span> <span class='ocrx_word' id='word_1_414' title='bbox 1957 1644 2059 1714; x_wconf 85' lang='lat' dir='ltr'><strong>locos</strong></span> <span class='ocrx_word' id='word_1_415' title='bbox 2078 1643 2134 1713; x_wconf 90' lang='lat' dir='ltr'><strong>ali-</strong></span> 
     </span>
     <span class='ocr_line' id='line_1_53' title="bbox 1148 1738 2133 1839; baseline 0.002 -26"><span class='ocrx_word' id='word_1_416' title='bbox 1148 1766 1237 1838; x_wconf 87' lang='lat' dir='ltr'><strong>quos</strong></span> <span class='ocrx_word' id='word_1_417' title='bbox 1253 1743 1435 1814; x_wconf 87' lang='lat' dir='ltr'><strong>doctrinae</strong></span> <span class='ocrx_word' id='word_1_418' title='bbox 1450 1738 1674 1815; x_wconf 88' lang='lat' dir='ltr'><strong>Christianae</strong></span> <span class='ocrx_word' id='word_1_419' title='bbox 1688 1746 1728 1815; x_wconf 90' lang='lat' dir='ltr'><strong>in</strong></span> <span class='ocrx_word' id='word_1_420' title='bbox 1749 1745 1882 1816; x_wconf 88' lang='lat' dir='ltr'><strong>nostris</strong></span> <span class='ocrx_word' id='word_1_421' title='bbox 1895 1742 2070 1817; x_wconf 87' lang='lat' dir='ltr'><strong>Ecclesiis</strong></span> <span class='ocrx_word' id='word_1_422' title='bbox 2085 1746 2133 1839; x_wconf 93' lang='lat' dir='ltr'><strong>pie</strong></span> 
     </span>
     <span class='ocr_line' id='line_1_54' title="bbox 1149 1842 2132 1927; baseline 0.004 -12"><span class='ocrx_word' id='word_1_423' title='bbox 1149 1859 1185 1918; x_wconf 89' lang='lat' dir='ltr'><strong>et</strong></span> <span class='ocrx_word' id='word_1_424' title='bbox 1199 1846 1337 1917; x_wconf 89' lang='lat' dir='ltr'><strong>utiliter</strong></span> <span class='ocrx_word' id='word_1_425' title='bbox 1351 1844 1546 1915; x_wconf 89' lang='lat' dir='ltr'><strong>illustratos</strong></span> <span class='ocrx_word' id='word_1_426' title='bbox 1562 1868 1655 1927; x_wconf 88' lang='lat' dir='ltr'><strong>esse,</strong></span> <span class='ocrx_word' id='word_1_427' title='bbox 1680 1842 1728 1918; x_wconf 90' lang='lat' dir='ltr'><strong>Et</strong></span> <span class='ocrx_word' id='word_1_428' title='bbox 1751 1861 1871 1917; x_wconf 88' lang='lat' dir='ltr'><strong>tamen</strong></span> <span class='ocrx_word' id='word_1_429' title='bbox 1885 1847 2006 1919; x_wconf 89' lang='lat' dir='ltr'><strong>edidit</strong></span> <span class='ocrx_word' id='word_1_430' title='bbox 2022 1871 2132 1919; x_wconf 86' lang='lat' dir='ltr'><strong>censo·</strong></span> 
     </span>
     <span class='ocr_line' id='line_1_55' title="bbox 1148 1946 2133 2040; baseline 0.003 -22"><span class='ocrx_word' id='word_1_431' title='bbox 1148 1972 1242 2034; x_wconf 91' lang='lat' dir='ltr'><strong>ram,</strong></span> <span class='ocrx_word' id='word_1_432' title='bbox 1265 1949 1305 2015; x_wconf 91' lang='lat' dir='ltr'><strong>in</strong></span> <span class='ocrx_word' id='word_1_433' title='bbox 1323 1971 1393 2040; x_wconf 90' lang='lat' dir='ltr'><strong>qua</strong></span> <span class='ocrx_word' id='word_1_434' title='bbox 1408 1946 1478 2031; x_wconf 89' lang='lat' dir='ltr'><strong>ait,</strong></span> <span class='ocrx_word' id='word_1_435' title='bbox 1503 1970 1571 2017; x_wconf 92' lang='lat' dir='ltr'><strong>nos</strong></span> <span class='ocrx_word' id='word_1_436' title='bbox 1583 1972 1604 2017; x_wconf 92' lang='lat' dir='ltr'><strong>a</strong></span> <span class='ocrx_word' id='word_1_437' title='bbox 1618 1950 1799 2021; x_wconf 91' lang='lat' dir='ltr'><strong>communi</strong></span> <span class='ocrx_word' id='word_1_438' title='bbox 1819 1973 2002 2021; x_wconf 89' lang='lat' dir='ltr'><strong>consensu</strong></span> <span class='ocrx_word' id='word_1_439' title='bbox 2026 1946 2133 2021; x_wconf 80' lang='lat' dir='ltr'><strong>catho</strong></span> 
     </span>
     <span class='ocr_line' id='line_1_56' title="bbox 1148 2045 2177 2131; baseline 0.012 -12"><span class='ocrx_word' id='word_1_440' title='bbox 1148 2050 1236 2120; x_wconf 90' lang='lat' dir='ltr'><strong>licae</strong></span> <span class='ocrx_word' id='word_1_441' title='bbox 1257 2045 1434 2119; x_wconf 87' lang='lat' dir='ltr'><strong>Ecclesiae</strong></span> <span class='ocrx_word' id='word_1_442' title='bbox 1458 2048 1656 2125; x_wconf 89' lang='lat' dir='ltr'><strong>dissentire.</strong></span> <span class='ocrx_word' id='word_1_443' title='bbox 1677 2094 1683 2102; x_wconf 94' lang='lat'>·</span> <span class='ocrx_word' id='word_1_444' title='bbox 1712 2049 1818 2123; x_wconf 89' lang='lat' dir='ltr'><strong>lubet</strong></span> <span class='ocrx_word' id='word_1_445' title='bbox 1840 2052 1951 2122; x_wconf 89' lang='lat' dir='ltr'><strong>etiam</strong></span> <span class='ocrx_word' id='word_1_446' title='bbox 1977 2053 2019 2123; x_wconf 92' lang='lat' dir='ltr'><strong>in</strong></span> <span class='ocrx_word' id='word_1_447' title='bbox 2038 2053 2131 2125; x_wconf 83' lang='lat' dir='ltr'><strong>alters</strong></span> <span class='ocrx_word' id='word_1_448' title='bbox 2174 2112 2177 2131; x_wconf 79' lang='grc'>,</span> 
     </span>
     <span class='ocr_line' id='line_1_57' title="bbox 1149 2147 2134 2244; baseline 0.005 -23"><span class='ocrx_word' id='word_1_449' title='bbox 1149 2152 1286 2244; x_wconf 83' lang='lat' dir='ltr'><strong>pagella</strong></span> <span class='ocrx_word' id='word_1_450' title='bbox 1300 2147 1496 2244; x_wconf 83' lang='lat' dir='ltr'><strong>Episcopus</strong></span> <span class='ocrx_word' id='word_1_451' title='bbox 1515 2151 1729 2243; x_wconf 86' lang='lat' dir='ltr'><strong>advigilare,</strong></span> <span class='ocrx_word' id='word_1_452' title='bbox 1754 2167 1795 2225; x_wconf 89' lang='lat' dir='ltr'><strong>ut</strong></span> <span class='ocrx_word' id='word_1_453' title='bbox 1815 2176 1930 2244; x_wconf 77' lang='lat' dir='ltr'><strong>genus</strong></span> <span class='ocrx_word' id='word_1_454' title='bbox 1951 2155 2134 2239; x_wconf 84' lang='lat' dir='ltr'><strong>doctrinae,</strong></span> 
     </span>
     <span class='ocr_line' id='line_1_58' title="bbox 1149 2252 2132 2349; baseline 0.006 -27"><span class='ocrx_word' id='word_1_455' title='bbox 1149 2255 1245 2349; x_wconf 92' lang='lat' dir='ltr'><strong>quod</strong></span> <span class='ocrx_word' id='word_1_456' title='bbox 1273 2254 1500 2345; x_wconf 86' lang='lat' dir='ltr'><strong>profitemur,</strong></span> <span class='ocrx_word' id='word_1_457' title='bbox 1541 2254 1692 2329; x_wconf 90' lang='lat' dir='ltr'><strong>deleant.</strong></span> <span class='ocrx_word' id='word_1_458' title='bbox 1756 2252 1854 2325; x_wconf 91' lang='lat' dir='ltr'><strong>Haec</strong></span> <span class='ocrx_word' id='word_1_459' title='bbox 1886 2280 1972 2327; x_wconf 86' lang='lat' dir='ltr'><strong>eum</strong></span> <span class='ocrx_word' id='word_1_460' title='bbox 2007 2257 2132 2349; x_wconf 86' lang='lat' dir='ltr'><strong>publice</strong></span> 
     </span>
     <span class='ocr_line' id='line_1_59' title="bbox 1148 2355 2177 2459; baseline 0.003 -34"><span class='ocrx_word' id='word_1_461' title='bbox 1148 2356 1329 2449; x_wconf 90' lang='lat' dir='ltr'><strong>proposita</strong></span> <span class='ocrx_word' id='word_1_462' title='bbox 1345 2355 1433 2442; x_wconf 91' lang='lat' dir='ltr'><strong>sint,</strong></span> <span class='ocrx_word' id='word_1_463' title='bbox 1456 2355 1672 2428; x_wconf 91' lang='lat' dir='ltr'><strong>dissimulari</strong></span> <span class='ocrx_word' id='word_1_464' title='bbox 1697 2382 1718 2427; x_wconf 91' lang='lat' dir='ltr'><strong>a</strong></span> <span class='ocrx_word' id='word_1_465' title='bbox 1742 2358 1849 2428; x_wconf 89' lang='lat' dir='ltr'><strong>nohis</strong></span> <span class='ocrx_word' id='word_1_466' title='bbox 1869 2382 1948 2429; x_wconf 92' lang='lat' dir='ltr'><strong>non</strong></span> <span class='ocrx_word' id='word_1_467' title='bbox 1971 2373 2132 2451; x_wconf 80' lang='lat' dir='ltr'><strong>poterant,</strong></span> <span class='ocrx_word' id='word_1_468' title='bbox 2175 2436 2177 2459; x_wconf 51' lang='grc' dir='ltr'>Ι</span> 
     </span>
     <span class='ocr_line' id='line_1_60' title="bbox 1148 2457 2177 2548; baseline 0.004 -21"><span class='ocrx_word' id='word_1_469' title='bbox 1148 2481 1194 2527; x_wconf 90' lang='lat' dir='ltr'><strong>ne</strong></span> <span class='ocrx_word' id='word_1_470' title='bbox 1216 2457 1320 2527; x_wconf 91' lang='lat' dir='ltr'><strong>tacite</strong></span> <span class='ocrx_word' id='word_1_471' title='bbox 1341 2458 1492 2548; x_wconf 89' lang='lat' dir='ltr'><strong>probare</strong></span> <span class='ocrx_word' id='word_1_472' title='bbox 1508 2457 1583 2528; x_wconf 89' lang='lat' dir='ltr'><strong>eius</strong></span> <span class='ocrx_word' id='word_1_473' title='bbox 1596 2458 1767 2530; x_wconf 90' lang='lat' dir='ltr'><strong>iudicium</strong></span> <span class='ocrx_word' id='word_1_474' title='bbox 1789 2458 2013 2537; x_wconf 85' lang='lat' dir='ltr'><strong>videremur.</strong></span> <span class='ocrx_word' id='word_1_475' title='bbox 2061 2458 2132 2531; x_wconf 89' lang='lat' dir='ltr'><strong>ldeo</strong></span> <span class='ocrx_word' id='word_1_476' title='bbox 2175 2464 2177 2469; x_wconf 82' lang='grc'><strong>’</strong></span> 
     </span>
     <span class='ocr_line' id='line_1_61' title="bbox 1148 2555 2134 2657; baseline 0.003 -29"><span class='ocrx_word' id='word_1_477' title='bbox 1148 2560 1290 2630; x_wconf 84' lang='lat' dir='ltr'><strong>veniam</strong></span> <span class='ocrx_word' id='word_1_478' title='bbox 1312 2559 1419 2628; x_wconf 91' lang='lat' dir='ltr'><strong>nohis</strong></span> <span class='ocrx_word' id='word_1_479' title='bbox 1437 2558 1513 2628; x_wconf 88' lang='lat' dir='ltr'><strong>dari</strong></span> <span class='ocrx_word' id='word_1_480' title='bbox 1528 2562 1700 2652; x_wconf 89' lang='lat' dir='ltr'><strong>petimus,</strong></span> <span class='ocrx_word' id='word_1_481' title='bbox 1723 2562 1818 2655; x_wconf 92' lang='lat' dir='ltr'><strong>quod</strong></span> <span class='ocrx_word' id='word_1_482' title='bbox 1834 2555 1931 2632; x_wconf 89' lang='lat' dir='ltr'><strong>hanc</strong></span> <span class='ocrx_word' id='word_1_483' title='bbox 1943 2563 2134 2657; x_wconf 89' lang='lat' dir='ltr'><strong>responsio·</strong></span> 
     </span>
     <span class='ocr_line' id='line_1_62' title="bbox 1148 2662 2135 2759; baseline 0.004 -28"><span class='ocrx_word' id='word_1_484' title='bbox 1148 2686 1252 2747; x_wconf 90' lang='lat' dir='ltr'><strong>nem,</strong></span> <span class='ocrx_word' id='word_1_485' title='bbox 1283 2685 1366 2731; x_wconf 84' lang='lat' dir='ltr'><strong>vere</strong></span> <span class='ocrx_word' id='word_1_486' title='bbox 1389 2674 1424 2732; x_wconf 89' lang='lat' dir='ltr'><strong>et</strong></span> <span class='ocrx_word' id='word_1_487' title='bbox 1447 2663 1604 2733; x_wconf 86' lang='lat' dir='ltr'><strong>modeste</strong></span> <span class='ocrx_word' id='word_1_488' title='bbox 1629 2663 1814 2755; x_wconf 84' lang='lat' dir='ltr'><strong>scriptam,</strong></span> <span class='ocrx_word' id='word_1_489' title='bbox 1844 2662 2004 2736; x_wconf 90' lang='lat' dir='ltr'><strong>iniustae</strong></span> <span class='ocrx_word' id='word_1_490' title='bbox 2038 2665 2135 2759; x_wconf 80' lang='lat' dir='ltr'><strong>ipsios</strong></span> 
     </span>
     <span class='ocr_line' id='line_1_63' title="bbox 1148 2763 1559 2857; baseline 0.007 -22"><span class='ocrx_word' id='word_1_491' title='bbox 1148 2786 1317 2835; x_wconf 89' lang='lat' dir='ltr'><strong>censurae</strong></span> <span class='ocrx_word' id='word_1_492' title='bbox 1334 2763 1559 2857; x_wconf 88' lang='lat' dir='ltr'><strong>opponimus.</strong></span> 
     </span>
    </p>
   </div>
   <div class='ocr_carea' id='block_1_18' title="bbox 1149 2911 2145 4023">
    <p class='ocr_par' dir='ltr' id='par_1_18' title="bbox 1149 2911 2145 4023">
     <span class='ocr_line' id='line_1_64' title="bbox 1249 2911 2137 3006; baseline 0.001 -24"><span class='ocrx_word' id='word_1_493' title='bbox 1249 2911 1418 2982; x_wconf 85' lang='lat' dir='ltr'><strong>Fatemor</strong></span> <span class='ocrx_word' id='word_1_494' title='bbox 1432 2912 1528 2981; x_wconf 91' lang='lat' dir='ltr'><strong>enim</strong></span> <span class='ocrx_word' id='word_1_495' title='bbox 1541 2934 1561 2981; x_wconf 93' lang='lat' dir='ltr'><strong>a</strong></span> <span class='ocrx_word' id='word_1_496' title='bbox 1575 2911 1708 2982; x_wconf 88' lang='lat' dir='ltr'><strong>nostris</strong></span> <span class='ocrx_word' id='word_1_497' title='bbox 1730 2914 1904 3006; x_wconf 91' lang='lat' dir='ltr'><strong>quosdam</strong></span> <span class='ocrx_word' id='word_1_498' title='bbox 1929 2937 2065 2985; x_wconf 86' lang='lat' dir='ltr'><strong>errores</strong></span> <span class='ocrx_word' id='word_1_499' title='bbox 2087 2939 2137 2983; x_wconf 88' lang='lat' dir='ltr'><strong>re-</strong></span> 
     </span>
     <span class='ocr_line' id='line_1_65' title="bbox 1149 3008 2137 3109; baseline 0.001 -25"><span class='ocrx_word' id='word_1_500' title='bbox 1149 3010 1342 3108; x_wconf 87' lang='lat' dir='ltr'><strong>prehensos</strong></span> <span class='ocrx_word' id='word_1_501' title='bbox 1364 3037 1455 3099; x_wconf 89' lang='lat' dir='ltr'><strong>esse,</strong></span> <span class='ocrx_word' id='word_1_502' title='bbox 1487 3014 1557 3084; x_wconf 89' lang='lat' dir='ltr'><strong>late</strong></span> <span class='ocrx_word' id='word_1_503' title='bbox 1583 3028 1743 3102; x_wconf 82' lang='lat' dir='ltr'><strong>vagatos,</strong></span> <span class='ocrx_word' id='word_1_504' title='bbox 1770 3029 1852 3086; x_wconf 90' lang='lat' dir='ltr'><strong>ante</strong></span> <span class='ocrx_word' id='word_1_505' title='bbox 1875 3008 1965 3087; x_wconf 89' lang='lat' dir='ltr'><strong>haec</strong></span> <span class='ocrx_word' id='word_1_506' title='bbox 1987 3030 2137 3109; x_wconf 84' lang='lat' dir='ltr'><strong>tempora</strong></span> 
     </span>
     <span class='ocr_line' id='line_1_66' title="bbox 1150 3110 2139 3213; baseline 0.001 -27"><span class='ocrx_word' id='word_1_507' title='bbox 1150 3118 1189 3186; x_wconf 91' lang='lat' dir='ltr'><strong>in</strong></span> <span class='ocrx_word' id='word_1_508' title='bbox 1205 3110 1420 3213; x_wconf 80' lang='lat' dir='ltr'><strong>Ecclesiis³).</strong></span> <span class='ocrx_word' id='word_1_509' title='bbox 1471 3114 1543 3186; x_wconf 88' lang='lat' dir='ltr'><strong>Sed</strong></span> <span class='ocrx_word' id='word_1_510' title='bbox 1557 3116 1725 3185; x_wconf 90' lang='lat' dir='ltr'><strong>iniuriam</strong></span> <span class='ocrx_word' id='word_1_511' title='bbox 1746 3117 1830 3187; x_wconf 80' lang='lat' dir='ltr'><strong>iacit</strong></span> <span class='ocrx_word' id='word_1_512' title='bbox 1844 3114 2027 3189; x_wconf 86' lang='lat' dir='ltr'><strong>Ecclesiae</strong></span> <span class='ocrx_word' id='word_1_513' title='bbox 2038 3113 2139 3190; x_wconf 85' lang='lat' dir='ltr'><strong>Chri·</strong></span> 
     </span>
     <span class='ocr_line' id='line_1_67' title="bbox 1150 3214 2140 3310; baseline 0.001 -23"><span class='ocrx_word' id='word_1_514' title='bbox 1150 3218 1214 3303; x_wconf 91' lang='lat' dir='ltr'><strong>sti,</strong></span> <span class='ocrx_word' id='word_1_515' title='bbox 1240 3216 1269 3286; x_wconf 91' lang='lat' dir='ltr'><strong>si</strong></span> <span class='ocrx_word' id='word_1_516' title='bbox 1291 3218 1371 3310; x_wconf 91' lang='lat' dir='ltr'><strong>quis</strong></span> <span class='ocrx_word' id='word_1_517' title='bbox 1397 3240 1456 3285; x_wconf 90' lang='lat' dir='ltr'><strong>eos</strong></span> <span class='ocrx_word' id='word_1_518' title='bbox 1476 3240 1612 3287; x_wconf 87' lang='lat' dir='ltr'><strong>errores</strong></span> <span class='ocrx_word' id='word_1_519' title='bbox 1638 3230 1740 3288; x_wconf 86' lang='lat' dir='ltr'><strong>vocat</strong></span> <span class='ocrx_word' id='word_1_520' title='bbox 1760 3241 1977 3290; x_wconf 87' lang='lat' dir='ltr'><strong>consensum</strong></span> <span class='ocrx_word' id='word_1_521' title='bbox 1999 3214 2140 3291; x_wconf 88' lang='lat' dir='ltr'><strong>catholi·</strong></span> 
     </span>
     <span class='ocr_line' id='line_1_68' title="bbox 1151 3314 2141 3415; baseline -0.001 -24"><span class='ocrx_word' id='word_1_522' title='bbox 1151 3346 1211 3391; x_wconf 88' lang='lat' dir='ltr'><strong>cae</strong></span> <span class='ocrx_word' id='word_1_523' title='bbox 1224 3315 1413 3392; x_wconf 87' lang='lat' dir='ltr'><strong>Ecclesiae.</strong></span> <span class='ocrx_word' id='word_1_524' title='bbox 1464 3316 1715 3390; x_wconf 90' lang='lat' dir='ltr'><strong>Persuasiones</strong></span> <span class='ocrx_word' id='word_1_525' title='bbox 1731 3314 1929 3408; x_wconf 88' lang='lat' dir='ltr'><strong>humanae,</strong></span> <span class='ocrx_word' id='word_1_526' title='bbox 1956 3346 2094 3415; x_wconf 89' lang='lat' dir='ltr'><strong>sparsae</strong></span> <span class='ocrx_word' id='word_1_527' title='bbox 2107 3322 2141 3391; x_wconf 90' lang='lat' dir='ltr'><strong>in</strong></span> 
     </span>
     <span class='ocr_line' id='line_1_69' title="bbox 1150 3417 2143 3513; baseline -0.002 -20"><span class='ocrx_word' id='word_1_528' title='bbox 1150 3420 1309 3493; x_wconf 86' lang='lat' dir='ltr'><strong>Ecclesia</strong></span> <span class='ocrx_word' id='word_1_529' title='bbox 1330 3434 1451 3490; x_wconf 88' lang='lat' dir='ltr'><strong>contra</strong></span> <span class='ocrx_word' id='word_1_530' title='bbox 1474 3417 1728 3513; x_wconf 79' lang='lat' dir='ltr'><strong>Evangelium,</strong></span> <span class='ocrx_word' id='word_1_531' title='bbox 1768 3422 1908 3492; x_wconf 89' lang='lat' dir='ltr'><strong>etiamsi</strong></span> <span class='ocrx_word' id='word_1_532' title='bbox 1930 3423 2143 3495; x_wconf 86' lang='lat' dir='ltr'><strong>diutumitas</strong></span> 
     </span>
     <span class='ocr_line' id='line_1_70' title="bbox 1151 3518 2144 3614; baseline 0.004 -21"><span class='ocrx_word' id='word_1_533' title='bbox 1151 3524 1332 3614; x_wconf 88' lang='lat' dir='ltr'><strong>temporis,</strong></span> <span class='ocrx_word' id='word_1_534' title='bbox 1359 3543 1568 3611; x_wconf 79' lang='lat' dir='ltr'><strong>magnorum</strong></span> <span class='ocrx_word' id='word_1_535' title='bbox 1582 3518 1770 3593; x_wconf 91' lang='lat' dir='ltr'><strong>hominum</strong></span> <span class='ocrx_word' id='word_1_536' title='bbox 1786 3537 1819 3594; x_wconf 92' lang='lat' dir='ltr'><strong>et</strong></span> <span class='ocrx_word' id='word_1_537' title='bbox 1831 3524 2079 3598; x_wconf 90' lang='lat' dir='ltr'><strong>multitudinis</strong></span> <span class='ocrx_word' id='word_1_538' title='bbox 2091 3550 2144 3597; x_wconf 80' lang='lat' dir='ltr'><strong>er·</strong></span> 
     </span>
     <span class='ocr_line' id='line_1_71' title="bbox 1152 3620 2143 3721; baseline 0.001 -26"><span class='ocrx_word' id='word_1_539' title='bbox 1152 3624 1265 3717; x_wconf 90' lang='lat' dir='ltr'><strong>empla</strong></span> <span class='ocrx_word' id='word_1_540' title='bbox 1288 3620 1536 3695; x_wconf 87' lang='lat' dir='ltr'><strong>authoritatem</strong></span> <span class='ocrx_word' id='word_1_541' title='bbox 1560 3625 1610 3694; x_wconf 90' lang='lat' dir='ltr'><strong>eis</strong></span> <span class='ocrx_word' id='word_1_542' title='bbox 1619 3620 1651 3721; x_wconf 88' lang='lat'><strong>⁴)</strong></span> <span class='ocrx_word' id='word_1_543' title='bbox 1676 3625 1910 3713; x_wconf 88' lang='lat' dir='ltr'><strong>addiderunt,</strong></span> <span class='ocrx_word' id='word_1_544' title='bbox 1934 3640 2058 3698; x_wconf 89' lang='lat' dir='ltr'><strong>tamen</strong></span> <span class='ocrx_word' id='word_1_545' title='bbox 2077 3653 2143 3697; x_wconf 91' lang='lat' dir='ltr'><strong>non</strong></span> 
     </span>
     <span class='ocr_line' id='line_1_72' title="bbox 1154 3721 2145 3823; baseline 0.005 -28"><span class='ocrx_word' id='word_1_546' title='bbox 1154 3740 1238 3797; x_wconf 88' lang='lat' dir='ltr'><strong>sunt</strong></span> <span class='ocrx_word' id='word_1_547' title='bbox 1252 3722 1430 3796; x_wconf 86' lang='lat' dir='ltr'><strong>Ecclesiae</strong></span> <span class='ocrx_word' id='word_1_548' title='bbox 1450 3721 1643 3797; x_wconf 88' lang='lat' dir='ltr'><strong>catholicae</strong></span> <span class='ocrx_word' id='word_1_549' title='bbox 1667 3751 1879 3814; x_wconf 89' lang='lat' dir='ltr'><strong>consensus,</strong></span> <span class='ocrx_word' id='word_1_550' title='bbox 1903 3730 1969 3823; x_wconf 92' lang='lat' dir='ltr'><strong>qui</strong></span> <span class='ocrx_word' id='word_1_551' title='bbox 1992 3730 2145 3800; x_wconf 86' lang='lat' dir='ltr'><strong>consistit</strong></span> 
     </span>
     <span class='ocr_line' id='line_1_73' title="bbox 1153 3822 2144 3922; baseline 0.004 -25"><span class='ocrx_word' id='word_1_552' title='bbox 1153 3829 1191 3897; x_wconf 91' lang='lat' dir='ltr'><strong>in</strong></span> <span class='ocrx_word' id='word_1_553' title='bbox 1208 3822 1430 3919; x_wconf 89' lang='lat' dir='ltr'><strong>Propheticis</strong></span> <span class='ocrx_word' id='word_1_554' title='bbox 1444 3841 1477 3898; x_wconf 91' lang='lat' dir='ltr'><strong>et</strong></span> <span class='ocrx_word' id='word_1_555' title='bbox 1494 3825 1708 3921; x_wconf 90' lang='lat' dir='ltr'><strong>Apostolicis</strong></span> <span class='ocrx_word' id='word_1_556' title='bbox 1732 3830 1891 3922; x_wconf 90' lang='lat' dir='ltr'><strong>scriptis,</strong></span> <span class='ocrx_word' id='word_1_557' title='bbox 1916 3843 1953 3901; x_wconf 89' lang='lat' dir='ltr'><strong>et</strong></span> <span class='ocrx_word' id='word_1_558' title='bbox 1978 3833 2144 3903; x_wconf 88' lang='lat' dir='ltr'><strong>sententia</strong></span> 
     </span>
     <span class='ocr_line' id='line_1_74' title="bbox 1153 3925 1980 4023; baseline 0.006 -24"><span class='ocrx_word' id='word_1_559' title='bbox 1153 3955 1216 4023; x_wconf 89' lang='lat' dir='ltr'><strong>per</strong></span> <span class='ocrx_word' id='word_1_560' title='bbox 1231 3925 1422 4021; x_wconf 85' lang='lat' dir='ltr'><strong>Apostolos</strong></span> <span class='ocrx_word' id='word_1_561' title='bbox 1437 3930 1594 4021; x_wconf 89' lang='lat' dir='ltr'><strong>probatis</strong></span> <span class='ocrx_word' id='word_1_562' title='bbox 1608 3931 1820 4003; x_wconf 90' lang='lat' dir='ltr'><strong>testimoniis</strong></span> <span class='ocrx_word' id='word_1_563' title='bbox 1835 3931 1980 4005; x_wconf 89' lang='lat' dir='ltr'><strong>tradita.</strong></span> 
     </span>
    </p>
   </div>
   <div class='ocr_carea' id='block_1_19' title="bbox 1153 4059 2146 4260">
    <p class='ocr_par' dir='ltr' id='par_1_19' title="bbox 1153 4059 2146 4260">
     <span class='ocr_line' id='line_1_75' title="bbox 1255 4059 2146 4157; baseline 0.006 -27"><span class='ocrx_word' id='word_1_564' title='bbox 1255 4059 1362 4133; x_wconf 90' lang='lat' dir='ltr'><strong>Hunc</strong></span> <span class='ocrx_word' id='word_1_565' title='bbox 1380 4060 1603 4133; x_wconf 89' lang='lat' dir='ltr'><strong>Consensum</strong></span> <span class='ocrx_word' id='word_1_566' title='bbox 1629 4088 1694 4134; x_wconf 88' lang='lat' dir='ltr'><strong>nos</strong></span> <span class='ocrx_word' id='word_1_567' title='bbox 1712 4065 1963 4157; x_wconf 85' lang='lat' dir='ltr'><strong>amplectimur</strong></span> <span class='ocrx_word' id='word_1_568' title='bbox 1980 4080 2017 4137; x_wconf 92' lang='lat' dir='ltr'><strong>et</strong></span> <span class='ocrx_word' id='word_1_569' title='bbox 2031 4068 2146 4137; x_wconf 84' lang='lat' dir='ltr'><strong>deien-</strong></span> 
     </span>
     <span class='ocr_line' id='line_1_76' title="bbox 1153 4165 2033 4260; baseline 0.008 -25"><span class='ocrx_word' id='word_1_570' title='bbox 1153 4165 1289 4248; x_wconf 82' lang='lat' dir='ltr'><strong>dimm,</strong></span> <span class='ocrx_word' id='word_1_571' title='bbox 1316 4190 1382 4233; x_wconf 90' lang='lat' dir='ltr'><strong>nec</strong></span> <span class='ocrx_word' id='word_1_572' title='bbox 1398 4165 1443 4234; x_wconf 88' lang='lat' dir='ltr'><strong>ab</strong></span> <span class='ocrx_word' id='word_1_573' title='bbox 1460 4190 1501 4233; x_wconf 91' lang='lat' dir='ltr'><strong>eo</strong></span> <span class='ocrx_word' id='word_1_574' title='bbox 1517 4190 1675 4260; x_wconf 91' lang='lat' dir='ltr'><strong>unquam</strong></span> <span class='ocrx_word' id='word_1_575' title='bbox 1690 4167 1883 4238; x_wconf 86' lang='lat' dir='ltr'><strong>discessuri</strong></span> <span class='ocrx_word' id='word_1_576' title='bbox 1894 4191 2033 4242; x_wconf 87' lang='lat' dir='ltr'><strong>sumus.</strong></span> 
     </span>
    </p>
   </div>
   <div class='ocr_carea' id='block_1_20' title="bbox 1155 4288 2148 4799">
    <p class='ocr_par' dir='ltr' id='par_1_20' title="bbox 1155 4288 2148 4799">
     <span class='ocr_line' id='line_1_77' title="bbox 1257 4288 2145 4396; baseline 0.003 -28"><span class='ocrx_word' id='word_1_577' title='bbox 1257 4297 1333 4369; x_wconf 88' lang='lat' dir='ltr'><strong>Scit</strong></span> <span class='ocrx_word' id='word_1_578' title='bbox 1357 4288 1591 4367; x_wconf 83' lang='lat' dir='ltr'><strong>Contarenus</strong></span> <span class='ocrx_word' id='word_1_579' title='bbox 1616 4299 1678 4392; x_wconf 92' lang='lat' dir='ltr'><strong>qui</strong></span> <span class='ocrx_word' id='word_1_580' title='bbox 1705 4298 1777 4369; x_wconf 89' lang='lat' dir='ltr'><strong>sint</strong></span> <span class='ocrx_word' id='word_1_581' title='bbox 1789 4295 1973 4371; x_wconf 89' lang='lat' dir='ltr'><strong>Ecclesiae</strong></span> <span class='ocrx_word' id='word_1_582' title='bbox 1996 4302 2099 4371; x_wconf 74' lang='lat' dir='ltr'><strong>naevi</strong></span> <span class='ocrx_word' id='word_1_583' title='bbox 2108 4300 2145 4396; x_wconf 84' lang='lat'><strong>⁸);</strong></span> 
     </span>
     <span class='ocr_line' id='line_1_78' title="bbox 1155 4396 2148 4495; baseline 0.005 -28"><span class='ocrx_word' id='word_1_584' title='bbox 1155 4411 1288 4493; x_wconf 90' lang='lat' dir='ltr'><strong>quanta</strong></span> <span class='ocrx_word' id='word_1_585' title='bbox 1317 4396 1458 4469; x_wconf 86' lang='lat' dir='ltr'><strong>Coenae</strong></span> <span class='ocrx_word' id='word_1_586' title='bbox 1487 4398 1635 4470; x_wconf 90' lang='lat' dir='ltr'><strong>Domini</strong></span> <span class='ocrx_word' id='word_1_587' title='bbox 1664 4403 1703 4470; x_wconf 91' lang='lat' dir='ltr'><strong>in</strong></span> <span class='ocrx_word' id='word_1_588' title='bbox 1737 4398 1859 4470; x_wconf 91' lang='lat' dir='ltr'><strong>Missis</strong></span> <span class='ocrx_word' id='word_1_589' title='bbox 1902 4398 2148 4495; x_wconf 85' lang='lat' dir='ltr'><strong>prophanatio,</strong></span> 
     </span>
     <span class='ocr_line' id='line_1_79' title="bbox 1155 4501 2148 4599; baseline 0.005 -30"><span class='ocrx_word' id='word_1_590' title='bbox 1155 4514 1328 4594; x_wconf 89' lang='lat' dir='ltr'><strong>quantum</strong></span> <span class='ocrx_word' id='word_1_591' title='bbox 1342 4501 1422 4571; x_wconf 80' lang='lat' dir='ltr'><strong>vitii</strong></span> <span class='ocrx_word' id='word_1_592' title='bbox 1439 4501 1478 4569; x_wconf 91' lang='lat' dir='ltr'><strong>in</strong></span> <span class='ocrx_word' id='word_1_593' title='bbox 1493 4502 1718 4572; x_wconf 85' lang='lat' dir='ltr'><strong>invocatione</strong></span> <span class='ocrx_word' id='word_1_594' title='bbox 1741 4503 1925 4589; x_wconf 83' lang='lat' dir='ltr'><strong>divorum3</strong></span> <span class='ocrx_word' id='word_1_595' title='bbox 1954 4519 2089 4599; x_wconf 91' lang='lat' dir='ltr'><strong>quanta</strong></span> <span class='ocrx_word' id='word_1_596' title='bbox 2105 4506 2148 4574; x_wconf 86' lang='lat' dir='ltr'><strong>la·</strong></span> 
     </span>
     <span class='ocr_line' id='line_1_80' title="bbox 1155 4601 2145 4700; baseline 0.006 -28"><span class='ocrx_word' id='word_1_597' title='bbox 1155 4603 1217 4672; x_wconf 90' lang='lat' dir='ltr'><strong>hes</strong></span> <span class='ocrx_word' id='word_1_598' title='bbox 1240 4601 1278 4671; x_wconf 91' lang='lat' dir='ltr'><strong>in</strong></span> <span class='ocrx_word' id='word_1_599' title='bbox 1303 4603 1482 4673; x_wconf 88' lang='lat' dir='ltr'><strong>coelibatu</strong></span> <span class='ocrx_word' id='word_1_600' title='bbox 1503 4601 1688 4688; x_wconf 85' lang='lat' dir='ltr'><strong>Romano,</strong></span> <span class='ocrx_word' id='word_1_601' title='bbox 1722 4618 1854 4697; x_wconf 88' lang='lat' dir='ltr'><strong>quanta</strong></span> <span class='ocrx_word' id='word_1_602' title='bbox 1877 4605 2020 4676; x_wconf 86' lang='lat' dir='ltr'><strong>inscitia</strong></span> <span class='ocrx_word' id='word_1_603' title='bbox 2038 4610 2075 4677; x_wconf 92' lang='lat' dir='ltr'><strong>in</strong></span> <span class='ocrx_word' id='word_1_604' title='bbox 2094 4634 2145 4700; x_wconf 77' lang='lat' dir='ltr'><strong>po</strong></span> 
     </span>
     <span class='ocr_line' id='line_1_81' title="bbox 1155 4704 2147 4799; baseline 0.003 -26"><span class='ocrx_word' id='word_1_605' title='bbox 1155 4705 1260 4798; x_wconf 91' lang='lat' dir='ltr'><strong>pulo,</strong></span> <span class='ocrx_word' id='word_1_606' title='bbox 1300 4704 1362 4798; x_wconf 90' lang='lat' dir='ltr'><strong>qui</strong></span> <span class='ocrx_word' id='word_1_607' title='bbox 1390 4729 1466 4775; x_wconf 91' lang='lat' dir='ltr'><strong>non</strong></span> <span class='ocrx_word' id='word_1_608' title='bbox 1487 4718 1581 4776; x_wconf 90' lang='lat' dir='ltr'><strong>recte</strong></span> <span class='ocrx_word' id='word_1_609' title='bbox 1604 4708 1752 4776; x_wconf 90' lang='lat' dir='ltr'><strong>docetur</strong></span> <span class='ocrx_word' id='word_1_610' title='bbox 1773 4708 1819 4775; x_wconf 91' lang='lat' dir='ltr'><strong>de</strong></span> <span class='ocrx_word' id='word_1_611' title='bbox 1838 4709 2085 4799; x_wconf 89' lang='lat' dir='ltr'><strong>poenitentia,</strong></span> <span class='ocrx_word' id='word_1_612' title='bbox 2113 4712 2147 4777; x_wconf 86' lang='lat' dir='ltr'><strong>de</strong></span> 
     </span>
    </p>
   </div>
   <div class='ocr_carea' id='block_1_21' title="bbox 1192 5068 2073 5469">
    <p class='ocr_par' dir='ltr' id='par_1_21' title="bbox 1194 5068 1993 5144">
     <span class='ocr_line' id='line_1_82' title="bbox 1194 5068 1993 5144; baseline 0.014 -24"><span class='ocrx_word' id='word_1_613' title='bbox 1194 5070 1219 5136; x_wconf 88' lang='lat'><strong>1)</strong></span> <span class='ocrx_word' id='word_1_614' title='bbox 1238 5070 1289 5119; x_wconf 82' lang='lat' dir='ltr'><strong>sed</strong></span> <span class='ocrx_word' id='word_1_615' title='bbox 1303 5068 1391 5119; x_wconf 84' lang='lat' dir='ltr'><strong>etiam</strong></span> <span class='ocrx_word' id='word_1_616' title='bbox 1403 5071 1445 5119; x_wconf 80' lang='lat' dir='ltr'><strong>ad</strong></span> <span class='ocrx_word' id='word_1_617' title='bbox 1456 5086 1515 5123; x_wconf 83' lang='lat' dir='ltr'><strong>ner.</strong></span> <span class='ocrx_word' id='word_1_618' title='bbox 1527 5086 1647 5137; x_wconf 76' lang='lat' dir='ltr'><strong>propag,</strong></span> <span class='ocrx_word' id='word_1_619' title='bbox 1662 5072 1819 5126; x_wconf 87' lang='lat' dir='ltr'><strong>escidernnt</strong></span> <span class='ocrx_word' id='word_1_620' title='bbox 1833 5073 1907 5144; x_wconf 79' lang='lat' dir='ltr'><strong>apud</strong></span> <span class='ocrx_word' id='word_1_621' title='bbox 1921 5074 1993 5131; x_wconf 81' lang='lat' dir='ltr'><strong>Bac.</strong></span> 
     </span>
    </p>

    <p class='ocr_par' dir='ltr' id='par_1_22' title="bbox 1192 5148 2073 5304">
     <span class='ocr_line' id='line_1_83' title="bbox 1192 5148 2073 5228; baseline 0.014 -26"><span class='ocrx_word' id='word_1_622' title='bbox 1192 5152 1220 5219; x_wconf 77' lang='lat'><strong>2)</strong></span> <span class='ocrx_word' id='word_1_623' title='bbox 1239 5148 1324 5205; x_wconf 77' lang='lat' dir='ltr'><strong>Prot.</strong></span> <span class='ocrx_word' id='word_1_624' title='bbox 1338 5150 1424 5204; x_wconf 90' lang='lat' dir='ltr'><strong>edidit</strong></span> <span class='ocrx_word' id='word_1_625' title='bbox 1436 5153 1567 5219; x_wconf 79' lang='lat' dir='ltr'><strong>absurdi,</strong></span> <span class='ocrx_word' id='word_1_626' title='bbox 1586 5155 1632 5207; x_wconf 82' lang='lat' dir='ltr'><strong>sed</strong></span> <span class='ocrx_word' id='word_1_627' title='bbox 1648 5153 1716 5209; x_wconf 86' lang='lat' dir='ltr'><strong>Mel.</strong></span> <span class='ocrx_word' id='word_1_628' title='bbox 1730 5165 1757 5209; x_wconf 90' lang='lat' dir='ltr'><strong>et</strong></span> <span class='ocrx_word' id='word_1_629' title='bbox 1770 5156 1869 5228; x_wconf 84' lang='lat' dir='ltr'><strong>reliqui</strong></span> <span class='ocrx_word' id='word_1_630' title='bbox 1884 5162 2022 5213; x_wconf 80' lang='lat' dir='ltr'><strong>adsurde.</strong></span> <span class='ocrx_word' id='word_1_631' title='bbox 2065 5212 2073 5221; x_wconf 79' lang='lat'><strong>,</strong></span> 
     </span>
     <span class='ocr_line' id='line_1_84' title="bbox 1192 5234 1576 5304; baseline -0.005 -12"><span class='ocrx_word' id='word_1_632' title='bbox 1192 5236 1223 5304; x_wconf 82' lang='grc'><strong>8)</strong></span> <span class='ocrx_word' id='word_1_633' title='bbox 1242 5234 1309 5289; x_wconf 87' lang='lat' dir='ltr'><strong>Boc.</strong></span> <span class='ocrx_word' id='word_1_634' title='bbox 1323 5245 1349 5287; x_wconf 91' lang='lat' dir='ltr'><strong>et</strong></span> <span class='ocrx_word' id='word_1_635' title='bbox 1362 5245 1423 5290; x_wconf 87' lang='lat' dir='ltr'><strong>mst.</strong></span> <span class='ocrx_word' id='word_1_636' title='bbox 1439 5234 1576 5291; x_wconf 78' lang='lat' dir='ltr'><strong>Ecclesia.</strong></span> 
     </span>
    </p>

    <p class='ocr_par' dir='ltr' id='par_1_23' title="bbox 1195 5317 1592 5391">
     <span class='ocr_line' id='line_1_85' title="bbox 1195 5317 1592 5391; baseline 0.003 -18"><span class='ocrx_word' id='word_1_637' title='bbox 1195 5321 1224 5391; x_wconf 72' lang='lat'><strong>4)</strong></span> <span class='ocrx_word' id='word_1_638' title='bbox 1245 5321 1284 5372; x_wconf 83' lang='lat' dir='ltr'><strong>eis</strong></span> <span class='ocrx_word' id='word_1_639' title='bbox 1297 5317 1398 5371; x_wconf 87' lang='lat' dir='ltr'><strong>addunt</strong></span> <span class='ocrx_word' id='word_1_640' title='bbox 1412 5317 1480 5373; x_wconf 83' lang='lat' dir='ltr'><strong>Bur.</strong></span> <span class='ocrx_word' id='word_1_641' title='bbox 1490 5331 1514 5372; x_wconf 85' lang='lat' dir='ltr'><strong>et</strong></span> <span class='ocrx_word' id='word_1_642' title='bbox 1529 5335 1592 5375; x_wconf 81' lang='lat' dir='ltr'><strong>met.</strong></span> 
     </span>
    </p>

    <p class='ocr_par' dir='ltr' id='par_1_24' title="bbox 1195 5401 1426 5469">
     <span class='ocr_line' id='line_1_86' title="bbox 1195 5401 1426 5469; baseline -0.009 -11"><span class='ocrx_word' id='word_1_643' title='bbox 1195 5405 1225 5469; x_wconf 77' lang='grc'><strong>5)</strong></span> <span class='ocrx_word' id='word_1_644' title='bbox 1243 5401 1313 5457; x_wconf 83' lang='lat' dir='ltr'><strong>Bur.</strong></span> <span class='ocrx_word' id='word_1_645' title='bbox 1327 5404 1426 5456; x_wconf 84' lang='lat' dir='ltr'><strong>morhi.</strong></span> 
     </span>
    </p>
   </div>
   <div class='ocr_carea' id='block_1_22' title="bbox 0 0 2279 5748">
    <p class='ocr_par' dir='ltr' id='par_1_25' title="bbox 0 0 2279 5748">
     <span class='ocr_line' id='line_1_87' title="bbox 0 0 2279 5748; baseline 0 0"><span class='ocrx_word' id='word_1_646' title='bbox 0 0 2279 5748; x_wconf 95' lang='lat' dir='ltr'><strong> </strong></span> 
     </span>
    </p>
   </div>
  </div>
 </body>
</html>
