4522 5752
486 120 520 171 ase
625 120 630 129 '

102 214 200 295 ano
424 210 481 283 a
714 212 1506 301 sennensem-annun.
2020 146 2174 313 sali

102 396 222 465 verbis
242 395 368 469 voluit.
418 392 535 466 Video
557 394 816 467 adolescentem
838 396 974 489 optimo
997 395 1098 485 inge-
1149 407 1248 481 tuae,
1273 418 1364 489 quae
1379 396 1446 469 tibi
1459 392 1531 491 τὴν
1549 394 1751 495 ἐπισκοπὴν
1767 404 2023 474 commendare
2042 408 2134 497 cupit.
2170 440 2174 457 ·

104 497 167 566 nio
187 510 221 566 et
245 496 417 585 singulari
435 497 607 569 modestia
631 520 773 571 morum
798 500 996 588 praeditum
1014 521 1099 585 esse,
1149 492 1221 567 Sed
1243 510 1382 589 oportet
1404 510 1437 569 te
1454 500 1615 571 animum
1633 497 1765 573 habere
1781 504 1968 576 munitum
1985 506 2151 581 adversus.

104 624 146 669 ac
165 599 248 669 usui
269 600 430 669 fututum
453 596 632 669 Ecclesiae
650 614 712 671 aut
733 595 884 687 scholis,
917 601 947 671 si
968 601 1098 693 poterit
1149 593 1340 669 cachinnos
1359 597 1637 692 Epicureorum,
1669 606 1732 699 qui
1755 605 2009 692 mirabuntur,
2040 621 2072 678 te
2086 634 2134 680 re-

106 701 242 772 diutius
255 700 387 771 versari
402 700 441 769 in
456 701 580 774 literis.
631 701 703 773 Sed
720 704 901 797 queritur,
932 726 970 773 so
991 728 1012 774 a
1034 726 1097 796 pa·
1150 694 1232 773 licta
1252 715 1327 772 arte
1349 718 1558 798 quaestuosa
1579 718 1749 799 tanquam
1765 709 1811 778 ab
1827 708 1952 801 equis,
1985 711 2134 794 utainnt,

104 804 267 873 rentibus
282 802 638 895 propter'angustiam
654 803 707 874 rei
727 806 912 875 familiaris
935 806 1097 875 adiuvari
1149 804 1194 872 ad
1217 805 1335 873 asinos
1357 805 1517 880 transire.
1545 860 1550 871 .
1568 802 1636 876 His
1658 808 1799 878 iudiciis
1815 834 1983 901 oppones
1996 813 2136 882 versim-

105 930 180 975 non
194 928 307 998 posse.
356 900 416 975 Ad
432 930 498 975 nos
511 906 634 996 igitur,
664 919 834 1000 tanquam
857 909 1014 998 publices
1035 934 1095 999 pa·
1150 904 1225 974 lum
1239 903 1385 977 Psalmi:
1410 908 1500 997 elegi
1512 908 1624 997 magis
1637 909 1732 980 inter
1743 911 1885 981 infimos
1898 935 1978 981 esse
1991 912 2029 981 iu
2043 916 2135 983 domn

24 1032 27 1039 ·
104 1021 241 1093 rentes,
265 1006 541 1096 confugiendum
555 1009 751 1079 esseducit.
787 1008 904 1080 Vitam
918 1009 986 1078 sibi
1000 1034 1097 1079 acer·
1148 1003 1236 1089 Dei,
1262 1033 1367 1103 qnam
1383 1008 1422 1076 in
1435 1008 1582 1080 Palatiis
1596 1010 1800 1103 impiorum.
1833 1011 1962 1085 Habes
1977 1016 2137 1106 depriore

103 1110 188 1181 bam
205 1111 281 1180 fore
298 1109 475 1196 adfirmat,
507 1112 539 1180 si
560 1111 679 1181 literas
694 1111 842 1181 nuncin
856 1112 972 1181 medio
991 1136 1104 1203 cursu¹
1148 1122 1246 1200 parte
1262 1110 1475 1181 seutentiam
1490 1112 1713 1204 perspicuam
1727 1115 1918 1209 utriusque
1935 1129 2103 1191 nostrum.

105 1214 265 1283 deserere
287 1224 481 1301 cogeretur.
527 1210 613 1283 Ideo
636 1226 779 1304 propter
802 1209 984 1285 Christum
1008 1227 1096 1297 orat,
1250 1210 1304 1283 De
1318 1212 1428 1283 altera
1444 1226 1561 1305 parte,
1584 1213 1750 1287 videlicet
1765 1219 1810 1286 de
1825 1220 1962 1307 gradu,
1989 1242 2054 1286 nos
2069 1220 2138 1311 qni

105 1314 176 1385 sibi
197 1336 321 1385 rursus
341 1313 382 1383 in
405 1307 502 1385 hunc
532 1340 668 1386 annum
702 1315 817 1385 simile
848 1340 980 1386 munus
1008 1316 1096 1397 dari,
1148 1314 1228 1382 dem
1246 1314 1481 1400 arbitramur,
1515 1310 1609 1384 nihil
1632 1340 1721 1408 opus
1743 1341 1817 1387 esse
1841 1318 2047 1389 accessione
2063 1322 2138 1389 nos-i

105 1418 203 1511 quod
217 1414 426 1497 utfaciatis,
458 1440 522 1487 vos
545 1417 649 1487 etiam
665 1418 887 1511 atqueetiam
905 1441 1002 1507 rogo.
1053 1415 1093 1487 ld
1148 1414 1261 1502 tituli,
1287 1441 1367 1485 cum
1384 1430 1486 1487 antea
1501 1428 1648 1488 ornatus
1663 1420 1710 1489 sis
1725 1422 1849 1490 eodem
1864 1422 1999 1506 titulo,
2033 1422 2093 1491 etsi
2107 1423 2138 1489 iu

102 1516 316 1589 beneficium
340 1517 471 1609 optime
495 1518 728 1602 collocabitis,
771 1532 806 1589 et
830 1514 915 1589 haec
937 1534 1095 1612 tempora
1147 1517 1217 1586 alia
1231 1516 1458 1610 professione.
1510 1516 1691 1608 Quorsum
1715 1545 1805 1611 opus
1827 1536 1884 1594 est
1909 1537 2076 1614 sumptus
2095 1524 2138 1592 fa·

105 1622 154 1690 ita
172 1622 285 1689 ferrea
306 1633 388 1689 sunt
409 1622 575 1691 studiosis
597 1646 637 1690 ac
660 1622 772 1690 literis
796 1620 898 1712 ipsis,
937 1636 993 1706 nt,
1026 1622 1095 1690 nisi
1147 1643 1243 1705 cere,
1269 1620 1626 1712 pracsertimpatrem
1646 1623 1819 1708 familias,
1851 1623 1894 1693 in
1918 1648 1957 1694 re
1980 1650 2056 1693 uon
2075 1649 2137 1693 ma-

104 1722 246 1813 respub.
261 1745 431 1812 pauperes
447 1717 672 1795 scholasticos
687 1724 875 1808 adiuvent,
896 1723 1093 1792 tristissima
1146 1722 1208 1810 gui
1228 1721 1425 1792 momenti?
1474 1718 1566 1792 Nam
1582 1723 1625 1793 ad
1642 1725 1770 1814 gradus
1786 1725 1952 1818 reliquos
1974 1741 2055 1816 post
2077 1727 2137 1816 pri-

104 1824 286 1893 barbari'es
308 1839 499 1917 sequutura
517 1826 691 1898 rideatur.
742 1821 901 1894 Aluntur
919 1825 1093 1894 facrrltati-
1146 1847 1242 1891 mam
1272 1823 1431 1894 lauream
1458 1819 1575 1893 adhuc
1600 1825 1773 1896 mediocri
1795 1828 1953 1917 pecunia
1979 1851 2069 1918 opus
2089 1842 2138 1910 est,

43 1944 66 2007 Q
103 1926 172 1996 bus
193 1922 430 1995 Ecclesiamm
454 1920 616 1996 homines
640 1927 765 2010 otiosi,
800 1927 978 2013 illiterati,
1008 1949 1095 2020 quas
1146 1938 1182 1995 et
1201 1924 1287 2011 iter,
1312 1938 1348 1995 et
1363 1924 1568 1995 convivium
1584 1928 1696 1998 multa
1711 1929 1930 2013 absumunt,
1968 1942 2013 2000 ut
2030 1931 2073 1998 ad
2093 1942 2136 1997 to·

104 2030 149 2098 ad
164 2022 463 2099 scholasticorum
485 2029 725 2099 necessitatem
748 2028 932 2098 transferri
953 2043 1096 2121 oporte·
1146 2039 1223 2098 tum
1250 2027 1435 2117 negocium
1464 2027 1721 2099 conficiendum
1743 2052 1835 2122 opus
1859 2031 1909 2101 sit
1933 2030 2015 2100 fere
2038 2030 2136 2100 aurcis

102 2132 175 2203 bat.
224 2128 443 2221 Magnopere
455 2129 565 2218 igitur
579 2154 663 2211 oro,
695 2144 736 2201 ut
753 2126 861 2200 huius
877 2132 984 2200 vestri
1008 2131 1095 2199 civis
1146 2142 1299 2201 centnm.
1357 2126 1581 2198 Deliberabis
1604 2129 1731 2219 igitur,
1767 2155 1812 2200 au
1840 2146 1970 2203 tantos
1991 2146 2135 2222 sumptus

103 2232 324 2321 ingeniosiss.
341 2232 571 2301 adolescentis
588 2233 762 2301 rationem
784 2227 959 2317 habeatis,
992 2234 1094 2326 eique
1144 2232 1326 2300 faciendos
1341 2253 1414 2299 esse
1429 2243 1541 2322 putes.
1594 2230 1663 2303 Sed
1680 2232 1711 2300 si
1724 2233 1878 2303 omnino
1896 2234 1954 2304 tui
1970 2235 2064 2303 cives
2076 2235 2133 2301 for·

102 2358 206 2422 optent
229 2334 368 2416 feratis,
406 2333 550 2402 incenso
574 2334 789 2425 optimarum
812 2334 940 2404 artium
964 2358 1093 2407 arnore.
1145 2334 1245 2403 tassis
1261 2333 1411 2424 exempli
1426 2356 1528 2401 cansa
1543 2335 1743 2423 postulant,
1775 2348 1817 2404 ut
1840 2334 1890 2419 is,
1925 2337 1994 2427 qui
2013 2336 2132 2424 praefu-

101 2434 172 2505 Pro
197 2458 238 2503 eo
262 2434 433 2504 beneficio
458 2436 645 2525 pollicetur
672 2449 875 2527 perpetuam
907 2436 1095 2525 geniculi„
1144 2448 1245 2503 tetrus
1262 2430 1513 2518 estEcclesiis,
1546 2434 1650 2505 etiam
1673 2435 1822 2505 titulum
1837 2432 2131 2508 habeatTheolo·

101 2562 202 2620 nem,
235 2550 270 2606 et
283 2533 382 2604 Deus
401 2530 494 2606 hanc
512 2536 760 2608 liberalitatem
784 2537 903 2628 magni
925 2538 1094 2623 aestimat,

101 2664 142 2709 ac
158 2652 466 2709 remuneraturum
482 2662 518 2708 se
535 2639 680 2728 largiter
694 2640 900 2731 pollicetur,
932 2664 1012 2709 cum
1029 2639 1093 2709 ait:

101 2737 217 2810 Amen
234 2740 312 2809 dico
328 2738 449 2825 vobis,
477 2740 540 2833 qui
562 2742 699 2812 dederit
720 2741 777 2809 vel
798 2741 966 2832 poculum
982 2740 1094 2833 aquae

100 2842 249 2931 frigidae
264 2842 371 2911 alicui
386 2866 427 2911 ex
440 2842 600 2912 minimis
617 2857 784 2937 tanquam
798 2842 991 2934 discipulo,
1009 2838 1094 2939 (hoc

102 2956 153 3012 est
169 2943 350 3012 doctrinae
366 2943 607 3014 studiosorum
622 2940 762 3039 causa),
792 2945 938 3035 accipiet
960 2969 1094 3015 mercc-

101 3048 195 3115 dem.
245 3041 293 3115 Et
308 3039 372 3113 has
389 3045 627 3140 eleemosynas
642 3045 829 3138 praecipue
845 3046 980 3136 flagitat
995 3071 1013 3114 a
1029 3070 1095 3137 gn-

101 3147 350 3217 bernatoribus
371 3148 598 3237 reipublicae.
657 3147 754 3216 Beue
776 3148 890 3216 valete
913 3170 953 3216 ac
976 3148 1095 3218 literas

101 3273 197 3318 meas
210 3247 299 3318 boni
317 3248 504 3323 consulito.
554 3246 665 3321 Datne
679 3251 737 3320 die
750 3250 811 3322 26.
828 3246 984 3318 lanuarii
999 3274 1094 3319 arrno

105 3346 214 3423 1540.

760 3450 801 3525 Ρ.
820 3448 1043 3526 Melanthou.

951 3823 983 3881 1.
997 3811 1084 3876 lllaii.

925 3900 1095 3931 Μ

104 3822 162 3885 ss.
189 3808 256 3880 No.
274 3802 407 3878 wast.
432 3808 589 3893 (vaura.
603 3836 633 3895 p.
649 3813 772 3894 1021.)

370 3989 471 4103 Cpb.
492 3982 835 4103 Hegeudorfino.

170 4176 191 4241 †
208 4172 246 4228 Ex
258 4190 353 4246 apogr.
367 4170 397 4227 in
410 4170 471 4228 eod.
484 4168 570 4227 Paris.
584 4168 622 4227 D.
634 4168 665 4226 1.
678 4166 737 4224 54³.

133 4328 199 4401 Ad
221 4322 613 4428 Christophorum
640 4321 1059 4423 Hegendorsinum.

101 4454 147 4543 S.
174 4468 219 4542 D.
269 4466 448 4541 Reversus
464 4488 505 4534 ex
528 4475 704 4534 consentu
725 4463 843 4530 literas
866 4473 944 4531 tuas
965 4465 1092 4554 accepi,

102 4574 138 4639 in
168 4573 298 4665 quilurs
329 4569 513 4638 nobiscum
545 4580 578 4635 et
605 4568 649 4634 de
673 4588 819 4632 mernere
843 4565 1092 4652 gubernandae

100 4670 256 4743 Ecclesia
268 4668 556 4759 Lunehurgensis
572 4669 662 4736 etde
677 4666 780 4736 titulo
792 4663 957 4734 Doctoris
972 4663 1091 4736 Theo-

101 4778 214 4866 logiae
240 4774 425 4845 deliberas.
476 4766 625 4840 Gaudeo
646 4781 784 4851 autem,
823 4779 858 4836 te
880 4768 978 4836 velut
1000 4766 1089 4837 Arn-

100 4878 259 4948 brosium
281 4900 322 4943 ex
338 4875 416 4943 foro
434 4885 467 4941 ct
483 4897 525 4941 ex
540 4870 696 4940 iudicum
713 4869 889 4937 subselliis
906 4870 950 4938 ad
967 4863 1092 4939 Eccle-

1145 2537 1221 2625 giae
1243 2531 1427 2616 Ductoris,
1465 2558 1542 2604 non
1570 2535 1683 2607 deerit
1712 2536 1762 2606 eis
1783 2553 1957 2609 nostrum
1984 2540 2131 2609 officinm.

1146 2637 1198 2706 Ac
1213 2637 1399 2727 praecipue
1413 2650 1447 2707 tc
1460 2637 1612 2707 libenter
1632 2634 1700 2708 hoc
1720 2639 1935 2710 testimonio
1961 2640 2070 2708 nostii
2087 2640 2130 2706 in-
2172 2710 2174 2715 ,

1145 2738 1231 2808 dicii
1256 2739 1480 2825 ornabimns,
1513 2763 1594 2809 cum
1618 2752 1736 2809 extent
1759 2753 1842 2810 tuae
1867 2741 2130 2821 lucubrationes,

1145 2865 1186 2910 ex
1201 2839 1331 2933 quibus
1346 2854 1381 2910 et
1395 2840 1438 2909 de
1452 2854 1511 2910 tua
1526 2841 1709 2911 voluntate
1726 2864 1809 2931 erga
1825 2838 2028 2912 Ecclesiam
2047 2856 2077 2911 et
2095 2844 2129 2909 de

1145 2940 1345 3011 eruditione
1370 2942 1519 3012 iudicari
1544 2955 1669 3033 potest.
1729 2942 1879 3013 Socium
1909 2944 2128 3035 promotionis

1146 3039 1214 3112 hoc
1236 3056 1393 3133 tempore
1415 3044 1555 3111 nullum
1581 3044 1738 3112 indicare
1760 3068 1967 3135 possumus.
2028 3044 2127 3133 Quue

1146 3145 1373 3225 deliberabis,
1408 3170 1455 3213 an
1477 3145 1575 3214 aliud
1597 3159 1734 3236 tempus
1750 3159 1941 3236 expectare
1956 3146 2058 3227 velis,
2081 3161 2126 3213 aut

1145 3245 1222 3315 siue
1245 3246 1341 3314 socio
1363 3242 1429 3314 hos
1446 3259 1608 3336 sumptus
1630 3247 1752 3315 facere.
1804 3245 1946 3317 Totam
1961 3243 2050 3317 hanc
2069 3270 2125 3315 rem

1146 3362 1208 3418 tuo
1230 3347 1377 3416 arbitrio
1398 3347 1646 3439 permittimus.
1697 3344 1891 3417 Caeterum
1909 3350 2061 3440 quodad
2075 3370 2125 3415 nos

1147 3449 1290 3533 attinet,
1322 3463 1356 3518 et
1370 3446 1547 3517 Ecclesiae
1561 3463 1696 3518 vestrae
1710 3460 1744 3517 et
1764 3448 1835 3519 tibi
1859 3450 2018 3520 libenter
2038 3450 2126 3537 grati-

1146 3550 1341 3623 beabimur.
1388 3549 1470 3621 Erit
1488 3564 1604 3620 autem
1621 3548 1674 3619 tui
1689 3550 1815 3634 officii,
1845 3566 2012 3643 suscepta
2025 3548 2126 3620 Eccle-

1147 3654 1220 3722 ciae
1235 3653 1508 3741 gubernatione,
1532 3651 1637 3720 etiam
1653 3644 1792 3720 scholas
1806 3665 1846 3722 et
1861 3677 1941 3722 rem
1957 3654 2124 3724 literaria-n

1147 3754 1251 3825 tueri.
1309 3752 1474 3822 Vidimus
1495 3768 1612 3824 autem
1635 3751 1764 3843 scripta
1787 3752 1997 3825 iuventutis
2015 3768 2124 3824 vestra

1147 3856 1345 3941 luculenta,
1383 3869 1417 3925 et
1446 3851 1504 3925 hic
1532 3855 1677 3948 qnidam
1706 3876 1748 3922 eu
1773 3856 1907 3926 vestris
1931 3852 2124 3927 scholasticis

1146 3955 1324 4055 egregium
1338 3956 1514 4048 specimen
1528 3953 1737 4026 eruditionis
1753 3978 1841 4026 suae
1858 3959 1971 4027 uobis
1984 3958 2125 4051 praebue-

1147 4072 1241 4131 runt.
1294 4054 1451 4150 Apparet
1472 4059 1594 4148 igitur,
1629 4069 1879 4149 praeceptores
1903 4061 2122 4151 diligenteret

1146 4162 1240 4230 hona
1258 4159 1326 4228 fide
1340 4185 1442 4229 suum
1461 4160 1615 4229 officium
1640 4161 1762 4228 facere.
1818 4158 1896 4232 Sed
1918 4162 2121 4252 intelligimus

1145 4256 1437 4356 hypodidascalos
1447 4263 1638 4331 admodum
1652 4260 1795 4349 exiguas
1807 4266 1999 4334 mercedes
2010 4259 2119 4333 hahere.

1147 4362 1231 4433 ldeo
1247 4378 1279 4433 te
1296 4359 1523 4432 vehementer
1536 4385 1717 4453 rogamus,
1742 4374 1782 4431 ut
1801 4375 1840 4433 et
1859 4377 1977 4435 totam
1995 4360 2118 4435 scholam

1146 4467 1368 4535 commendes
1384 4464 1549 4545 Senatui,
1580 4477 1614 4532 et
1630 4475 1807 4555 quantum
1832 4478 1941 4556 potes
1965 4465 2115 4538 autoritate

1146 4580 1206 4636 tua
1228 4568 1406 4657 perficias,
1438 4581 1477 4636 ut
1501 4564 1690 4634 mediocria
1716 4577 1751 4634 et
1772 4564 1872 4637 iusta
1900 4568 2062 4663 stipendia
2078 4561 2114 4631 eis

1146 4669 1435 4751 eoarstituantnr„
1473 4666 1576 4738 Hanc
1598 4669 1641 4735 ad
1665 4690 1740 4735 rem
1764 4670 1991 4741 transferant
2010 4660 2112 4761 aliqffl

1145 4794 1186 4838 ex
1211 4770 1383 4845 reditibus
1405 4768 1677 4839 sacerdotiorum
1698 4780 1763 4837 aut
1787 4772 2013 4845 monasterii.
2055 4763 2111 4837 δώ

1144 4872 1239 4941 enim
1255 4866 1391 4940 scholas
1406 4894 1478 4940 esse
1488 4869 1683 4942 Seminaria
1699 4866 1995 4943 etEcclesiar-um
2006 4866 2110 4942 etdis·

99 4982 171 5048 siae
193 4978 485 5063 gubernationem
506 4974 708 5042 accersitum
725 4994 825 5042 csse.¹
859 4968 1090 5062 Neqneenim
1145 4998 1223 5042 rum
1248 4972 1406 5042 civilium
1429 4985 1729 5043 ornamentorum.
1789 4968 1877 5044 Etsi
1901 4989 2014 5045 autem
2030 4968 2109 5037 illitt-

98 5084 213 5153 ullum
230 5080 305 5150 Deo
321 5078 453 5167 gratius
469 5074 622 5145 officinm
643 5088 711 5158 est,
743 5072 884 5140 nullum
909 5069 1091 5144 honestius
1144 5070 1350 5143 ratiharum
1368 5098 1485 5143 rerum
1504 5071 1787 5161 magnitudinem
1804 5074 1889 5145 non
1908 5077 1992 5147 satis
2007 5064 2128 5145 intelli»,

31 5262 34 5267 ¹
99 5208 247 5265 nutriens,
279 5206 384 5275 qnam
409 5180 446 5247 iu
469 5173 533 5246 hac
556 5177 694 5266 specula
711 5174 901 5262 diligenter
916 5176 1007 5243 tueri
1024 5180 1089 5245 do·
1143 5191 1248 5263 gunt,
1276 5190 1394 5244 tamen
1410 5177 1522 5245 nostri
1538 5174 1643 5243 officii
1662 5185 1731 5257 est,
1758 5184 2105 5271 mantrrmpossmv

99 5288 247 5355 ctrinam
270 5284 464 5353 coelestem.
516 5278 635 5368 Quare
652 5292 686 5349 et
700 5275 745 5348 D.
759 5269 949 5344 Lnthcrus
972 5292 1006 5347 et
1025 5302 1087 5367 ego
1143 5278 1292 5347 excitare
1327 5279 1525 5347 voluntates
1560 5269 1748 5345 hominnm
1783 5280 1833 5347 ad
1866 5272 1992 5349 harum
2015 5290 2102 5345 remu

96 5410 310 5480 magnopere
327 5400 359 5455 te
372 5380 574 5468 hortamur,
601 5393 788 5452 utmorem
800 5402 899 5469 geras
912 5374 1088 5451 Ecclesiae
1142 5378 1434 5473 pulcerrimarum
1458 5376 1776 5455 conservationem.
1838 5376 1959 5477 ldque
1980 5398 2047 5449 sere
2066 5380 2100 5441 nt
2126 5410 2129 5415 ·
