4536 5754
109 238 192 313 oss
689 210 1124 304 urrsrotaauu
1180 210 1289 303 utu.
1321 224 1386 303 rx.
1438 222 1571 309 1542.
2085 196 2171 314 ost·

113 409 201 480 volo
217 409 338 479 elnon
356 406 471 477 solum
485 401 703 476 hortatorem
718 426 812 487 esse,
843 424 889 471 ne
906 400 1023 472 studia
1048 401 1113 470 de-
1163 412 1280 470 tamen
1301 413 1341 470 ut
1363 398 1425 493 qui
1447 396 1614 491 navigant
1630 402 1745 475 remis
1760 403 1982 498 aliquantum
1998 408 2158 481 rellanti-

102 527 246 605 ¹ponat,
267 514 327 581 sed
344 510 448 581 etiam
466 510 685 593 adiutorem,
707 505 821 576 sicubi
838 498 986 596 provehi
1003 502 1112 572 inlo-
1162 503 1250 589 bus,
1288 513 1406 572 tamen
1429 502 1629 591 navigando
1654 502 1912 602 eluctantur'),
1949 508 1998 581 ita
2020 524 2062 583 ct
2090 536 2157 582 nos

113 638 197 685 curn
234 611 511 683 commodiorem
548 609 690 703 poterit.
756 606 847 681 Nam
878 604 1112 698 Reipublicae
1162 600 1539 700 nunceonnitamur’)
1557 601 1818 696 vehementius,
1850 612 2054 702 praesertim
2075 639 2157 686 cum

113 718 280 810 prodest,
305 715 398 785 hona
415 712 557 805 ingenia
571 711 697 786 foveri.
1162 704 1259 777 Deus
1282 707 1503 797 promiserit,
1534 731 1570 777 se
1584 704 1778 780 Ecclesiam
1798 713 1892 803 apud
1915 737 1974 784 eos
1996 730 2155 787 serratu-

220 817 339 889 Hodie
361 834 441 886 eum
467 837 699 907 responsurus
721 833 850 896 essem,
882 830 1014 902 quaero
1033 818 1112 876 tuas
1162 832 1243 878 rum
1279 831 1369 891 esse,
1409 810 1472 902 qui
1504 810 1683 881 doctrinae
1716 813 1969 903 professionem
1999 831 2157 895 tuentur.

114 922 240 993 literas
256 922 300 989 de
316 919 468 1002 incesto,
494 941 581 1011 quas
596 936 838 1007 reposueram3
866 914 925 981 sed
939 908 1022 1002 quia
1036 930 1112 976 non
1163 909 1297 1002 Scripsi
1320 902 1548 1008 Raeticum),
1585 926 1628 991 ut
1657 914 1760 983 cobis
1787 916 1892 1008 plane
1917 930 1950 988 et
1974 920 2157 1011 perspicue

115 1023 265 1092 invenio
278 1020 398 1090 nescio
412 1020 499 1114 quid
516 1020 759 1110 respondeam.
792 1012 874 1084 Non
890 1025 1112 1082 suntomncs
1162 1008 1437 1106 respondeat²¹)‚
1479 1014 1579 1084 euius
1589 1009 1631 1108 ¹²)
1658 1015 1790 1086 iudicio
1816 1032 1851 1090 et
1874 1019 2021 1091 arbitrio
2046 1035 2157 1093 totam

114 1124 268 1195 fabellae
290 1112 415 1216 populi
435 1123 658 1193 metuendae.
709 1115 938 1207 Magistratus
954 1114 1113 1205 prudens
1149 1130 1237 1183 -rem
1253 1111 1481 1207 commisi¹'),
1514 1140 1580 1186 nec
1599 1116 1666 1188 erit
1688 1118 1803 1188 ullum
1828 1119 1867 1188 in
1891 1115 1958 1191 hac
1980 1147 2019 1193 re
2038 1124 2157 1194 consi-

117 1241 155 1298 ct
170 1226 285 1296 tidelis
298 1238 413 1318 potest
429 1219 521 1293 banc
536 1247 612 1293 rem
628 1235 744 1293 tecum
759 1218 989 1289 deliberatam
1010 1213 1112 1283 facile
1163 1216 1251 1285 lium
1263 1214 1433 1313 meum¹⁴)
1446 1210 1713 1293 πλεονεκτικόν.
1739 1217 1793 1291 De
1803 1217 2035 1322 Gotthano'⁸)
2051 1220 2157 1297 scho-

114 1328 318 1412 moderari,
348 1340 390 1397 ut
404 1338 566 1396 arceatur
576 1324 747 1404 incestus,
779 1331 951 1390 ettamen
973 1338 1029 1384 res
1052 1339 1113 1384 oc·
1163 1317 1285 1388 lastico
1317 1315 1536 1411 reprehendo
1566 1321 1640 1412 ipse
1666 1325 1782 1392 meam
1804 1326 2050 1413 cessationem,
2091 1329 2158 1400 etsi

116 1431 288 1515 cultetur,
314 1452 354 1499 ac
369 1425 667 1521 parcaturmatri.
709 1418 762 1493 Et
776 1442 981 1516 quanquam
996 1417 1112 1509 suspi-
1163 1415 1253 1488 mihi
1275 1419 1413 1510 ignosci
1432 1446 1582 1515 aequum
1605 1436 1667 1496 est.
1718 1422 1810 1498 Nam
1832 1420 1917 1501 baec
1933 1430 2048 1504 officia
2064 1433 2158 1509 mihi

117 1532 239 1603 ciones
257 1530 337 1602 tolli
354 1553 428 1599 non
443 1542 609 1619 possunt,
634 1540 753 1598 tamen
768 1522 898 1593 rectius
913 1533 983 1605 est,
1009 1519 1112 1588 illum
1162 1522 1345 1592 excutiunt
1364 1547 1438 1594 non
1460 1524 1576 1596 solum
1599 1527 1758 1599 assiduae
1781 1545 1921 1603 nostrae
1944 1560 2070 1629 operae
2094 1542 2156 1611 sed

116 1634 335 1704 nebulonem
358 1631 481 1703 arceri.
538 1628 733 1701 Geminum
754 1640 805 1696 est
828 1622 1052 1706 scandalum,
1082 1619 1113 1690 si
1163 1623 1269 1694 etiarn
1289 1625 1381 1694 varii
1403 1640 1591 1702 moerores.
1644 1628 1806 1701 Vestram
1826 1635 1928 1705 vobis
1952 1640 2158 1734 tranquilli·

117 1735 328 1808 conceditur
340 1733 390 1814 ei,
414 1747 455 1804 ut
470 1732 616 1827 impune
632 1726 724 1803 hanc
739 1738 868 1806 teneat.
907 1723 1011 1799 Nunc
1028 1723 1114 1797 sim-
1164 1741 1269 1801 tatem
1289 1729 1450 1817 gratulor
1472 1743 1507 1799 et
1528 1744 1732 1821 perpetuam
1755 1755 1828 1804 esse
1848 1752 1945 1829 opto.
1994 1740 2156 1815 Scribam
2260 1801 2264 1807 .

116 1839 200 1931 plex
218 1851 268 1909 cst
289 1835 507 1909 scandalum.
559 1831 629 1906 Sed
649 1856 752 1927 spero
768 1828 884 1902 Deum
906 1829 1113 1899 adfuturum
1163 1843 1281 1900 autern
1301 1830 1422 1901 literas
1442 1832 1488 1902 ad
1506 1825 1739 1913 Frideriusm
1754 1830 1979 1932 Myconium
1995 1842 2158 1917 etSena·

118 1940 186 2012 tibi
215 1963 288 2011 esse
317 1938 357 2007 iu
386 1935 660 2027 gubernatione,
701 1947 734 2005 et
756 1927 848 2002 banc
870 1930 1115 2001 difficultatem
1163 1945 1239 2002 tum
1261 1947 1440 2019 accurate,
1472 1956 1599 2029 easque
1619 1938 1664 2004 ad
1688 1950 1723 2007 te
1745 1938 1895 2014 mittam.
1945 1942 2046 2016 Duos
2069 1949 2158 2018 ado-

117 2042 226 2115 etiam
242 2038 497 2131 mitigaturum.
546 2034 645 2109 Bene
660 2051 695 2109 et
710 2034 883 2106 foeliciter
899 2033 986 2107 vale.
1163 2034 1350 2120 lescentes,
1375 2036 1419 2105 de
1437 2037 1566 2129 quibus
1581 2039 1726 2123 scribis,
1752 2064 1825 2112 nou
1840 2037 1980 2137 vidt¹⁶).
2031 2045 2157 2121 Virtu-

694 2228 698 2235 .
782 2146 849 2227 Ph,
863 2147 917 2226 M
1163 2150 1233 2207 tem
1261 2150 1367 2229 atque
1392 2139 1589 2209 doctrinam
1611 2137 1656 2210 D.
1678 2132 1970 2215 Cummerstadii
1983 2144 2023 2247 ¹¹)
2054 2173 2156 2244 saepe

1163 2239 1449 2328 gravissimorum
1462 2235 1502 2337 ¹⁸)
1529 2240 1690 2311 virorum
1721 2245 1934 2319 testimoniis
1961 2252 2157 2341 praedicari

117 2354 1103 2387 -—------—·-—--·-·--
1162 2341 1295 2409 andivi.
1352 2338 1475 2429 Quare
1494 2352 1530 2413 et
1550 2366 1701 2415 veneror
1722 2347 1797 2416 eius
1820 2373 1953 2420 nomen
1976 2365 2011 2423 et
2033 2354 2157 2424 amici-

834 2501 871 2581 (h
891 2524 907 2563 a
927 2515 961 2564 m
970 2498 1113 2580 videtur)
1163 2441 1249 2512 tiam
1266 2456 1407 2535 expeto,
1422 2444 1537 2537 'quod
1553 2447 1660 2514 velim
1675 2461 1708 2517 te
1723 2448 1756 2517 ei
1771 2449 1984 2540 significare,
2017 2466 2053 2524 et
2069 2457 2158 2527 ado-

838 2594 1108 2634 ψ
1163 2543 1325 2625 lescenti,
1356 2545 1401 2614 de
1417 2570 1489 2638 quo
1502 2547 1647 2634 scribis,
1671 2551 1795 2621 omnia
1810 2576 1889 2624 mea
1904 2554 2020 2626 officia
2038 2559 2156 2630 verbis

1162 2646 1322 2739 polliceri
1334 2640 1386 2742 19),
1438 2645 1479 2719 Β.
1493 2646 1538 2722 V.

221 2942 250 2997 p.
262 2922 298 2977 62
322 2958 331 2976 .
348 2948 386 2963 -
419 2917 451 2993 ln
473 2916 536 2972 ωδ.
550 2886 611 2969 401.
632 2882 806 2969 inscribitur:
821 2884 906 2981 '„1²a.
919 2881 957 2965 111.
979 2914 1018 2964 od
1031 2879 1112 2964 ’.4004

219 2992 347 3051 daniam
358 2983 651 3111 Frongordiensemss'
678 2982 733 3037 sed
748 3003 778 3037 es
792 3000 898 3037 errore.
933 2980 966 3035 ln
982 2979 1111 3035 eoelAOl.
1160 2983 1228 3058 No·
1243 2982 1357 3062 2608·

155 3095 162 3099 -
218 3056 394 3117 lumibiturs
412 3094 431 3127 „
461 3055 560 3108 uillam
573 3052 694 3107 amieo.”
721 3048 833 3108 Rectius
844 3048 1037 3124 quidem,'sed
1052 3049 1112 3121 quis
1167 3078 1340 3115 Μ

178 3136 184 3151 “
221 3125 380 3195 maluerit,
397 3122 504 3197 opinari
517 3140 575 3178 non
588 3138 711 3196 possum.

550 3278 701 3358 Ν.Ν.·

115 3407 172 3502 Ut
187 3421 366 3499 Ecclesiae
378 3443 501 3491 omnes
515 3414 651 3492 Christi
666 3414 799 3509 ubique
814 3425 988 3485 terrarum
1001 3434 1110 3481 unam

114 3526 329 3607 Ecclesiam,
360 3516 576 3614 unamque)
600 3519 747 3588 domum
771 3539 844 3585 esse
868 3527 984 3589 statuo
994 3510 1042 3608 ²),
1076 3526 1124 3583 et·
1160 3498 1337 3587 „Modus
1359 3514 1392 3577 et
1416 3502 1741 3601 ratio-studiorum
1766 3535 1843 3580 reno
1873 3535 1952 3584 cum
1982 3511 2155 3611 catalogo

116 3630 282 3706 similiter
294 3628 423 3697 llorere
434 3646 558 3694 omnes
575 3617 794 3705 verisbonis
816 3630 916 3708 opto:
951 3617 1001 3687 sic
1025 3639 1109 3708 pro-
1160 3605 1320 3679 locorum
1354 3607 1621 3686 communium
1668 3611 1807 3710 scripta
1842 3605 1933 3684 haee
1967 3616 2094 3687 omnia
2127 3646 2151 3690 a

113 3736 207 3808 tecto
223 3745 257 3802 et
272 3730 317 3799 de
333 3721 463 3796 scholis
480 3724 612 3809 sentio,
644 3744 759 3791 unnrn
782 3719 970 3810 collegium
985 3740 1109 3789 omnes
1155 3706 1272 3781 Dom.
1287 3701 1513 3807 Philippo
1537 3706 1598 3781 M
1599 3735 1616 3781 e
1626 3708 1652 3783 l.
1678 3710 1718 3782 in
1742 3738 1846 3785 usum
1870 3713 2063 3789 cuiusdam
2079 3718 2152 3791 Hi-
2173 3705 2177 3716 ¹

114 3834 278 3908 omniurn
292 3832 478 3901 doctorum
494 3839 613 3895 coetus
628 3824 832 3914 ubicunque
846 3833 1020 3892 terrarum
1035 3820 1110 3888 ¹esse
1190 3811 1322 3911 spani,
1348 3836 1451 3883 00110
1465 3811 1545 3888 422¹
1567 3854 1620 3868 ···
1670 3819 1795 3901 (Simile
1810 3831 1955 3910 scriptum
1967 3830 2030 3892 vid.
2046 3850 2116 3894 ⁸⁰¹¹·

113 3938 264 4019 debere,
301 3951 452 4001 vacuum
473 3926 682 4004 ambitione,
721 3922 973 4008 aemulatione,
1013 3920 1109 3990 invi·
1595 3922 1719 4004 1540)

114 4037 193 4124 dia,
223 4032 290 4106 uni
308 4032 468 4102 deditum
484 4027 603 4097 studio
618 4025 824 4094 retinendae
839 4024 1020 4093 doctrinae
1036 4021 1108 4094 uti·
1155 4026 1274 4121 Mane
1296 4061 1331 4120 et
1353 4046 1492 4140 vesperi
1511 4047 1671 4139 quotidie
1689 4050 1768 4120 1000
1786 4074 1928 4142 precum
1945 4066 2058 4126 genu,
2072 4060 2151 4129 ms„

84 4141 206 4212 .lium
228 4135 379 4215 artium,
418 4130 458 4199 in
481 4129 612 4247 quibus
635 4127 819 4209 omnibus,
859 4139 900 4244 pt
920 4124 1108 4245 Platoait,
1156 4145 1277 4250 ἁγίων
1297 4148 1459 4246 βιβλιῶγ
1481 4149 1650 4239 legendus
1672 4177 1752 4222 cum
1769 4156 1921 4249 quadam
1939 4181 2021 4227 cum
2040 4159 2151 4233 etin·

113 4240 214 4314 Deus
235 4239 367 4309 lamam
387 4231 442 4302 sui
464 4244 592 4322 sparsit
611 4229 822 4299 exercendae
839 4239 982 4297 virtutes
998 4227 1107 4297 alios·

1426 3166 1587 3275 (Ratio
1608 3171 1888 3279 studiorum.)

1227 3349 1249 3415 †
1266 3347 1303 3402 Es
1316 3345 1472 3422 apogrspbo
1486 3348 1514 3403 in
1528 3346 1592 3404 ωδ.
1603 3348 1700 3405 Bersri
1714 3348 1776 3407 Vol.
1790 3351 1810 3407 1.
1829 3370 1856 3425 p.
1870 3352 1930 3411 578.

113 4366 186 4438 qne
207 4342 252 4411 ad
273 4330 428 4427 Deum³)
456 4331 644 4402 invitandi.
702 4328 823 4418 Quare
849 4352 948 4398 meae
970 4350 1108 4419 operae,

113 4447 145 4516 si
168 4466 239 4539 qua
262 4463 300 4510 re
308 4435 340 4535 ⁴)
359 4434 462 4506 vobis
484 4431 670 4525 gratificari
693 4453 836 4522 possum
845 4427 890 4524 ⁸),
920 4453 1106 4522 nunquam

114 4546 302 4618 defuturae
323 4532 456 4634 sunt⁶).
515 4533 662 4607 Utinam
685 4545 845 4623 tempora
868 4531 973 4602 etiam
994 4526 1108 4602 babe-

112 4668 234 4721 remns
248 4641 395 4714 meliora
410 4630 612 4733 fovendis&
627 4629 683 4706 his
698 4634 830 4705 nostris
844 4633 982 4708 studiis.
1034 4632 1105 4704 Sed

112 4816 310 4843 ----·-··
631 4790 638 4827 l

146 4912 176 4979 1)
191 4902 261 4963 cot.
273 4900 358 4959 Gotb.
372 4898 541 4956 19100001.

146 4995 178 5062 9)
194 4992 304 5055 statuo]
318 4985 381 5043 ωδ.
394 4981 476 5038 Gotb.
491 4981 640 5047 1911010.

145 5076 178 5147 1)
194 5078 320 5142 auosque
334 5072 373 5122 od
382 5068 491 5133 Deum]
505 5063 568 5117 ωδ.
583 5061 665 5117 Gotb.
679 5060 736 5117 191.
751 5061 861 5132 alioque
872 5063 913 5116 od
924 5064 1018 5117 deeue.

144 5162 179 5231 1)
195 5157 267 5218 Cael.
279 5150 363 5209 Gotb.
375 5150 435 5205 191.
447 5149 536 5214 inre,
550 5155 577 5201 et
590 5144 779 5219 praetermittit
793 5162 906 5217 ecquem
919 5145 1004 5201 00110,

145 5250 176 5318 ὅ)
192 5237 360 5303 0016011
374 5232 569 5297 1911000001.

144 5335 178 5401 6)
193 5326 345 5403 desatwas
356 5326 435 5387 ssent]
449 5315 512 5372 ωδ.
528 5313 611 5369 eost.
626 5312 684 5367 191.
698 5312 827 5367 &nunt-

143 5420 175 5490 7)
190 5404 464 5477 mdmsousndis]
476 5399 539 5459 ωδ.
553 5397 636 5454 Gotb.
646 5398 707 5454 401.
722 5399 1006 5470 mollsbrosrumdis.

1189 4403 1218 4467 8)
1236 4404 1408 4475 eluctemur]
1423 4403 1485 4458 ωδ.
1498 4401 1582 4459 Gotb.
1596 4403 1654 4461 191.
1668 4409 1854 4465 reluctantur.

1188 4488 1217 4561 9)
1236 4486 1304 4543 cod.
1319 4484 1401 4543 Gotb.
1413 4489 1474 4542 401.
1489 4488 1672 4543 condiamur.

1190 4574 1235 4642 10)
1252 4572 1379 4638 llbets'eo]
1395 4572 1456 4628 ωδ.
1472 4570 1555 4628 Gotb.
1572 4572 1629 4628 191.
1642 4575 1681 4628 Ν.

1189 4661 1233 4727 11)
1254 4657 1323 4715 cot.
1338 4656 1421 4712 Gotb.
1436 4658 1496 4714 191.
1510 4662 1739 4724 responderetur.

1190 4743 1234 4809 12)
1252 4744 1341 4811 eusiss]
1356 4741 1417 4798 ωδ.
1431 4741 1513 4798 Gotb.
1528 4743 1588 4800 191.
1602 4753 1713 4813 tuoque.

1189 4826 1233 4897 19)
1253 4824 1323 4881 cod.
1337 4824 1419 4880 Gotb.
1435 4828 1492 4882 191.
1506 4828 1635 4895 permisi.

1190 4910 1235 4980 14)
1255 4928 1348 4964 meum
1361 4910 1436 4964 abest
1449 4930 1463 4965 s
1479 4909 1543 4968 ωδ.
1558 4908 1641 4968 Gotb.
1656 4912 1715 4970 191.

1190 4998 1232 5064 15)
1251 4992 1321 5049 cod.
1333 4991 1417 5048 Gotb.
1429 4993 1490 5049 401.
1504 4993 1665 5067 Cmtlsano,
1682 5001 1822 5054 mendose.

1190 5081 1234 5148 16)
1251 5079 1342 5133 Verba
1351 5098 1366 5161 ε.
1376 5077 1505 5131 Seritam
1516 5085 1613 5132 omem
1626 5081 1727 5135 literas
1739 5116 1774 5129 -
1786 5087 1846 5139 vati
1862 5085 1891 5140 in
1911 5090 1973 5146 ωδ.
1990 5091 2071 5150 Goth.
2085 5096 2149 5153 401.

1222 5158 1408 5221 praetermissa
1422 5156 1494 5202 sunt.

1188 5232 1232 5298 17)
1252 5230 1321 5286 cod.
1335 5229 1416 5288 Gotb.
1430 5228 1490 5286 401.
1508 5230 1723 5288 Kommerstad.

1189 5318 1232 5383 18)
1250 5315 1319 5369 cod.
1333 5312 1416 5369 Gotb.
1430 5316 1486 5371 191.
1501 5318 1691 5383 graus'sst'ms's.

1188 5402 1233 5471 19)
1250 5401 1340 5543 neglig
1349 5401 1455 5519 papilia]
1472 5399 1535 5457 ωδ.
1549 5398 1634 5458 Gon.
1651 5402 1710 5459 191.
1721 5406 1864 5471 polls'ceor.
