4522 5752
56 245 133 320 213

56 427 197 506 accepta
209 412 321 503 gratia
337 421 451 510 certos
465 407 628 487 efficiant,
653 422 763 501 utque
778 406 816 475 in
832 406 935 476 nobis
950 404 1055 474 iidem

57 518 230 600 excitent,
264 526 301 584 et
322 513 368 581 ad
392 523 554 580 mutuam
580 510 826 593 dilectionem,
860 520 999 577 sanctos
1023 518 1057 574 et

56 614 283 690 Christianos
299 634 417 684 mores
432 624 626 705 provocent
638 625 673 680 et
690 607 928 683 inhortentur.

112 782 116 788 ·
160 746 378 836 Recesergo
402 744 614 815 describitur
635 756 893 813 sacramentum
915 763 986 811 esse
1008 762 1057 806 sr-

58 875 170 943 gnum
183 847 326 919 visibile
344 845 535 915 invisibilis
553 843 768 935 gratiaeDei.
792 841 858 914 Est
875 842 970 911 enim
986 839 1056 909 tale

60 956 221 1044 signum,
246 950 343 1045 quod
360 948 559 1017 insensum
582 960 767 1017 externum
782 946 967 1014 incurrens
992 943 1056 1009 ad-

60 1067 185 1124 monet
200 1065 235 1123 et
250 1050 467 1128 eruditum,
492 1062 545 1134 ut,
570 1050 666 1141 qnod
681 1047 768 1118 soris
784 1048 824 1115 in
840 1045 953 1137 specie
969 1041 1054 1113 visi-

61 1157 131 1228 bili
150 1154 225 1246 geri
247 1151 445 1234 cernimus,
478 1149 577 1220 intus
598 1172 662 1241 per
683 1146 752 1218 Dei
773 1149 940 1219 virtutem
968 1142 1058 1212 effici

60 1259 254 1328 credamus.
320 1251 468 1324 Constat
499 1275 584 1322 vero
618 1262 876 1322 sacramentum
908 1247 1059 1329 duobus,

62 1360 236 1429 elemento
264 1354 447 1439 sensibili,
475 1353 539 1425 »uti
565 1354 686 1443 signo,
725 1366 761 1422 et
792 1350 922 1433 verbo,
962 1345 1059 1441 quod

64 1463 149 1529 dum
166 1457 303 1530 accedit
319 1458 364 1526 ad
381 1456 612 1539 elementum,
635 1456 674 1525 lit
691 1465 959 1524 sacramentum.

419 1690 423 1698 e
472 1650 479 1659 ’
527 1658 590 1733 ΧΙ.

340 1789 394 1853 De
415 1798 623 1850 sacramento
645 1786 785 1848 ordinis.

167 1924 244 1995 lam
264 1925 350 2018 quia
369 1923 466 1993 Deus
485 1920 685 1991 ministerio
708 1918 810 1991 verbi
827 1912 1062 2006 Evangelium

65 2050 193 2114 suum,
219 2023 579 2119 etperEvangelium
601 2019 853 2092 certitudinem
878 2015 1000 2088 salutis
1024 2038 1064 2084 m

65 2152 191 2200 omncs
207 2141 331 2219 gentes
343 2148 538 2220 propagare
554 2123 695 2208 voluit,
721 2120 883 2191 ordinem
897 2117 1063 2189 instituit.

66 2229 249 2317 Primum,
279 2252 343 2314 ne,
366 2229 398 2298 si
419 2228 569 2321 quilibet
592 2225 660 2295 sibi
683 2218 751 2292 hoc
772 2244 905 2291 munus
925 2232 1065 2313 praeter

66 2354 213 2403 omnem
228 2331 404 2401 delectum
417 2340 623 2421 usurparet,
649 2324 811 2395 doctrina
833 2324 931 2392 fieret
948 2323 1065 2391 incer-

69 2450 120 2515 ta,
146 2447 183 2504 et
205 2447 375 2527 tanquam
398 2430 540 2521 parvuli
560 2429 788 2511 fluctuantes,
821 2425 1066 2496 circumferre-

68 2558 151 2606 mur
165 2533 267 2605 omni
288 2548 395 2605 vento
404 2528 446 2628 ⁴²)
470 2530 673 2614 doctrinae,
703 2530 743 2598 in
764 2527 922 2622 nequitia
946 2521 1066 2594 horni-

68 2651 177 2723 num,
216 2659 282 2729 per
303 2634 467 2707 astutiam
488 2634 533 2703 ad
563 2631 901 2702 circumventionem
926 2627 1066 2697 erroris.

68 2732 186 2832 Ephe.
200 2727 247 2812 4.

173 2868 332 2956 Deinde,
359 2883 401 2940 ut
424 2869 510 2940 certi
526 2888 686 2961 ,essemus
706 2861 946 2934 ministerium
967 2859 1068 2929 verbi

70 2987 108 3044 et
122 2985 423 3044 sacramentorum
447 2992 523 3041 non
545 2990 618 3039 esse
639 2965 860 3036 metiendum
881 2985 923 3032 ex
944 2984 1068 3055 perso·

71 3075 130 3145 nis
143 3074 442 3159 ministrantium,
467 3073 528 3142 sed
542 3094 585 3139 ex
596 3069 786 3139 autoritate
799 3065 934 3137 divina.
960 3059 1068 3133 Chri-

72 3191 150 3249 stus
164 3176 261 3246 enim
275 3174 479 3247 aministris
495 3168 589 3242 hanc
611 3170 650 3239 in
672 3193 707 3239 se
729 3167 912 3251 transfert,
937 3165 1069 3249 dicens,

72 3279 168 3350 sicut
177 3276 277 3348 misit
291 3300 347 3346 me
359 3289 478 3369 pater,
503 3288 537 3344 et
553 3295 617 3363 ego
632 3271 735 3342 mitto
758 3292 842 3354 vos,
867 3281 904 3338 et
926 3267 1069 3351 iterum,

72 3379 139 3474 qui
160 3403 224 3450 vos
245 3377 363 3463 audit,
399 3400 457 3446 me
476 3376 596 3459 audit,
634 3373 698 3467 qui
724 3393 788 3442 vos
816 3369 973 3463 spernit,
1011 3387 1070 3436 me

72 3479 226 3574 spernit3
259 3478 413 3572 denique
435 3492 478 3549 ut
495 3477 664 3547 sciremus
680 3497 754 3543 non
770 3493 843 3542 esse
857 3469 996 3564 privato
1012 3469 1071 3537 iu-

72 3583 171 3652 dicio
184 3581 425 3671 abrogandam
439 3579 663 3651 autoritatem
676 3572 862 3652 ministris,
877 3572 925 3641 ob
939 3570 1069 3640 malam

74 3697 217 3755 tantum
237 3683 376 3768 vitam,
396 3680 566 3776 quamdiu
587 3677 787 3749 doctrinam
801 3670 937 3773 Christi
960 3686 994 3743 et
1015 3695 1071 3751 sa-

78 3797 260 3856 cramenta
278 3777 398 3878 rite⁴')
419 3777 688 3864 administrant,
713 3790 749 3849 et
763 3777 809 3846 ab
824 3772 992 3845 Ecclesiis
1015 3785 1072 3843 to-

74 3888 255 3972 lerantur,
294 3884 366 3958 Sed
399 3885 575 3976 legitimae
608 3877 830 3952 ordinationi
860 3871 1073 3972 (quamlibet

76 4011 156 4059 eam
176 3987 329 4058 malind
351 4000 490 4080 tempus
513 3982 701 4077 occupent)
726 4003 826 4051 suam
847 3978 1071 4050 autoritatem

77 4113 154 4162 non
168 4112 242 4161 esse
256 4084 511 4160 detrahendam
525 4080 587 4182 ⁴⁹),
613 4085 703 4155 sicut
717 4082 887 4173 scriptum
903 4093 970 4151 est:
1002 4077 1073 4159 su-

76 4215 142 4284 per
161 4183 377 4263 Cathedram
401 4189 519 4284 Moysi
541 4188 709 4257 sederunt
731 4183 867 4254 scribae
891 4195 927 4251 et
950 4175 1073 4273 phari-

77 4293 171 4381 saei,
202 4290 445 4385 Quaecunque
462 4290 616 4360 dixerint
637 4286 741 4358 vobis
757 4282 871 4353 facite.

181 4423 289 4495 Hanc
299 4423 535 4495 ordinationis
549 4423 640 4505 vim,
671 4432 776 4511 atque
791 4416 877 4485 adeo
897 4413 1073 4496 ordinem,

79 4547 154 4596 esse
169 4521 481 4618 sacramentum⁸⁰)
502 4525 541 4592 in
555 4518 711 4592 Ecclesia
733 4516 905 4589 divinitus
928 4514 1074 4585 institu-

79 4643 178 4711 tum,
201 4627 406 4717 ignorantes
423 4624 621 4696 donatistae
645 4608 846 4692 foedissime
870 4616 961 4711 lapsi
979 4627 1074 4701 suut,

79 4750 174 4822 quos
208 4731 332 4800 beatus
363 4723 584 4818 Augustinus
611 4720 829 4793 validissime
855 4719 1006 4789 revincit
1033 4739 1074 4787 ac

80 4830 253 4904 confutat.

116 5147 167 5214 47)
184 5145 254 5200 Bur.
266 5155 291 5198 et
305 5141 371 5198 lici.
386 5145 479 5196 uerbo.

118 5232 167 5302 48)
184 5230 255 5286 uss
268 5237 296 5282 ct
307 5225 376 5283 Est.
388 5229 471 5280 abac.

118 5318 166 5386 49)
184 5314 271 5370 Pane.
285 5310 639 5366 mendosedetralrendum,

119 5406 166 5476 ω)
183 5399 254 5457 Mat.
267 5399 395 5453 ordinem
407 5412 467 5450 cm
479 5402 736 5450 aeramentorum.

629 200 1062 311 nmsro'sanuu
1115 231 1222 310 ars.
1256 230 1355 308 vm.
1410 230 1541 340 1⁵⁴¹·

2024 241 2099 311 stt

1209 405 1372 475 Verbum
1386 399 1495 473 huius
1511 407 1720 474 sacramenti
1735 420 1803 487 est,
1830 433 1901 500 qno
1920 408 2096 483 nosClrri-
2211 432 2220 443 ·

1107 520 1180 576 stus
1207 509 1251 576 de
1275 508 1462 577 autoritate
1485 506 1729 577 ministrorum
1755 522 1790 580 et
1813 511 1966 582 efficacia
1991 517 2098 585 mini-

1105 607 1206 680 sterii
1221 621 1333 696 certos
1347 609 1450 694 facit,
1482 607 1599 692 Sicut,
1624 608 1763 702 inquit,
1786 611 1884 683 misit
1905 638 1963 685 me
1984 633 2096 708 pater,
2135 680 2144 691 ,

1027 738 1037 754 ·
1106 724 1141 781 et
1155 732 1219 800 ego
1231 710 1337 780 mitto
1352 734 1425 797 vos,
1442 706 1609 809 ¹*Accipite
1624 707 1797 802 Spiritum
1810 728 1983 801 sanctum,
2009 744 2099 813 quo·

1105 836 1186 882 rum
1209 812 1413 882 remiseritis
1436 825 1501 885 etc.
1557 808 1666 896 Item,
1704 810 1842 886 Euntes
1861 820 1901 886 in
1922 824 2100 891 mundum

1105 913 1311 984 universum
1328 912 1528 1007 praedicate
1542 908 1779 1004 Evangelium
1792 918 1891 987 omni
1911 935 2098 996 creaturae.

1108 1014 1215 1101 llem,
1248 1011 1383 1087 Euntes
1412 1017 1532 1085 docete
1566 1039 1688 1086 omnes
1716 1032 1851 1106 gentes,
1883 1021 2101 1112 baptisantes

1107 1143 1165 1187 eos
1186 1131 1249 1190 etc.

1208 1245 1441 1327 Elementum,
1465 1272 1547 1318 veru
1577 1243 1684 1320 huius
1714 1257 1944 1342 sacramenti,
1976 1283 2101 1329 secun-

1109 1356 1195 1424 dum
1211 1352 1407 1442 generalem
1424 1351 1499 1422 eius
1522 1350 1715 1438 rationem,
1746 1367 1797 1426 est
1821 1356 2001 1449 impositio
2025 1387 2102 1432 ma-

1108 1478 1222 1526 nnum
1236 1450 1521 1547 Episcopalium‚
1547 1476 1618 1547 qua
1632 1452 1848 1543 significatur
1869 1460 1996 1532 electos
2017 1489 2104 1534 con-

1084 1584 1088 1659 q
1110 1556 1246 1626 firmari
1261 1556 1299 1624 in
1313 1578 1403 1648 opus
1416 1555 1624 1641 ministerii,
1657 1569 1692 1625 et
1715 1558 1870 1651 accipere
1896 1576 2103 1653 potestatem

1112 1657 1341 1751 praedicandi
1352 1656 1470 1741 verbi,
1496 1658 1724 1728 consecrandi
1738 1655 2104 1750 Eucharistiam,ad-

1112 1758 1339 1829 ministrandi
1363 1771 1596 1845 sacramenta,
1621 1759 1814 1829 ordinandi
1835 1766 1954 1835 omnia
1979 1768 2017 1836 in
2036 1768 2105 1842 Ec-

1113 1860 1237 1947 clesia,
1269 1862 1313 1929 ad
1342 1858 1638 1944 aedificationem,
1671 1874 1704 1929 et
1729 1857 1939 1935 cohercendi
1958 1871 2105 1941 rebelles

1026 2015 1035 2035 .
1112 1986 1152 2036 ac
1168 1960 1386 2034 criminosos.
1977 1990 1982 1997 ι

1215 2093 1280 2167 Vis
1296 2117 1379 2186 ergo
1393 2088 1501 2170 buius
1517 2097 1725 2166 sacramenti
1744 2099 1991 2191 complectitur
2006 2119 2107 2195 pote-

1113 2211 1236 2269 statem
1263 2196 1401 2266 ordinis
1422 2208 1458 2265 et
1477 2195 1749 2284 iurisdictionis3
1784 2213 1938 2291 potestas
1969 2207 2107 2278 ordinis
2184 2225 2185 2229 ’

1113 2298 1351 2369 ministerium
1380 2296 1501 2383 verbi,
1540 2298 1883 2372 administrationem
1909 2328 2107 2380 sacraunen-

1113 2417 1231 2473 torum
1247 2413 1282 2471 et
1294 2396 1533 2470 Ecclesiarcrm
1551 2400 1812 2473 ordinationem
1834 2428 1874 2475 ac
1895 2408 2109 2480 aedificatio-

1114 2528 1213 2589 nem,
1237 2500 1437 2571 iurisdictio
1461 2523 1545 2570 vero
1569 2516 1777 2594 potestatem
1799 2512 2107 2583 excommunican-

1115 2608 1170 2690 di,
1197 2618 1232 2675 et
1245 2602 1487 2695 resipiscentes
1503 2604 1732 2691 absolvendi,
1757 2607 1926 2684 continet.

1215 2738 1310 2812 Sunt
1322 2751 1438 2809 autem
1452 2738 1491 2806 in
1505 2732 1663 2809 Ecclesia
1676 2741 1738 2810 alii
1755 2742 1924 2829 maiores,
1953 2746 2016 2815 alii
2042 2750 2109 2817 mi-

1116 2867 1220 2914 nores
1239 2840 1400 2924 ordines,
1435 2839 1496 2932 qni
1518 2854 1631 2922 sunt,
1650 2843 1954 2938 presbyterorum,
1979 2837 2115 2921 Diacoss

1117 2968 1265 3028 norum,
1290 2941 1609 3027 subdiaconorum,
1631 2938 1904 3030 Acolutborum
1929 2948 2110 3039 lectorum,

1117 3045 1389 3127 exorcistarum,
1410 3055 1446 3113 et
1460 3041 1685 3114 ostiariorum
1695 3039 1753 3139 ⁸¹),
1781 3071 1933 3139 qnorum
1949 3055 2110 3122 omnium

1116 3148 1295 3239 legitimus
1317 3167 1402 3214 usus
1423 3157 1459 3213 ct
1479 3144 1756 3233 administratio,
1782 3150 1827 3217 ad
1846 3153 1972 3220 veteris
1989 3149 2111 3226 Eccle-

1117 3253 1189 3322 siae
1202 3247 1360 3337 regulam
1376 3259 1411 3316 et
1427 3269 1562 3315 morem
1577 3246 1715 3317 'restitui
1730 3261 1910 3340 petuntur.

1222 3376 1409 3451 Caeterum
1434 3377 1528 3448 inter
1547 3374 1790 3466 Sacramenta,
1823 3407 1914 3479 quae
1933 3384 1972 3452 in
1988 3379 2112 3456 Eccle-

1118 3484 1168 3555 sia
1183 3481 1326 3575 publico
1340 3479 1538 3562 ministerio
1553 3475 1764 3552 exhibentur
1789 3497 1824 3554 et
1848 3485 1978 3579 quibus
2001 3490 2111 3575 gratia
2207 3509 2214 3523 ¹

1119 3585 1283 3654 fidelibus
1307 3580 1431 3651 divino
1454 3604 1601 3650 munere
1621 3583 1818 3670 confertur,
1853 3580 1921 3656 hoc
1944 3588 2112 3660 differen-

1120 3687 1189 3757 tiae
1214 3680 1418 3754 habendum
1438 3695 1505 3768 est,
1535 3684 1631 3779 quod
1656 3687 1828 3777 quaedam
1851 3690 2053 3778 augustiora
2078 3683 2117 3760 et*

1119 3788 1231 3877 magis
1254 3783 1465 3878 principalia
1485 3798 1588 3870 sunt,
1623 3786 1734 3857 veluti
1759 3789 1974 3880 baptismus,
2014 3795 2113 3877 ordo,

1120 3883 1364 3972 Eucharistia,
1405 3899 1440 3955 et
1467 3886 1662 3973 absolutio,
1703 3891 1778 3959 sine
1809 3891 1939 3983 quibus
1958 3891 2116 3967 Ecclesia

1121 4015 1196 4060 non
1209 3989 1389 4071 consistit,
1415 3990 1590 4080 quaedam
1607 4012 1689 4059 vero
1705 3990 1744 4058 in
1758 3984 1826 4061 hoc
1842 3992 1922 4063 data
1950 4007 1986 4063 et
2011 3996 2116 4065 insti-

1122 4105 1199 4186 tuta
1216 4102 1351 4162 suntut
1367 4088 1439 4158 sint
1452 4089 1597 4180 quidem
1611 4113 1707 4162 sacra
1730 4092 1909 4186 symbola,
1932 4093 1970 4163 in
1995 4097 2115 4168 suble·
2195 4082 2198 4087 ’

1121 4193 1299 4264 vationem
1322 4204 1357 4274 et
1380 4190 1593 4260 medicinam
1614 4186 1791 4263 hnmanae
1814 4192 2047 4282 infirmitatis,
2079 4215 2116 4269 at

1123 4320 1198 4383 non
1221 4290 1434 4370 necessaria,
1468 4304 1509 4360 ut
1533 4291 1594 4360 illa
1615 4294 1753 4383 priora,
1784 4317 1988 4389 quanquam
2012 4301 2114 4372 valae

1121 4397 1224 4467 utilia
1240 4408 1274 4464 et
1290 4392 1446 4463 salubria
1459 4393 1567 4462 modo
1590 4406 1709 4463 tamen
1734 4396 1897 4486 religiose
1919 4413 1953 4469 et
1974 4400 2031 4491 pie
2053 4404 2116 4469 ad·

1116 4498 1371 4567 ministrentur
1386 4507 1422 4562 ‘et
1437 4494 1665 4584 accipiantur.

1577 4691 1662 4767 xll.

1373 4821 1430 4886 De
1449 4821 1861 4905 socruowotollopts'sm‘.

1233 4957 1417 5051 Baptismi.
1433 4957 1703 5030 Sacramentum
1733 4963 1939 5033 mandatum
1969 4960 2115 5036 Domini
2181 4936 2191 4954 ⁶

1049 5111 1054 5122 ·
1125 5077 1160 5136 et
1180 5063 1338 5133 divinam
1360 5059 1632 5153 promissionem
1652 5056 1787 5145 habet,
1808 5087 1899 5157 quae
1921 5057 1978 5133 his
1999 5061 2118 5139 verbis

1126 5260 1352 5278 m

1163 5385 1207 5455 51)
1225 5383 1293 5440 Mel.
1307 5384 1523 5448 hartmuot-um
1540 5382 1623 5439 Pers.
1640 5384 1832 5439 historiarum.

1231 5457 1328 5534 ll*
