4522 5752
541 145 982 259 arrsronlnuu
1032 150 1141 233 nra
1170 153 1272 253 uu.
1323 113 1454 233 ssu.
1531 260 1540 266 .
1939 159 2017 239 rsa

106 341 180 406 eos,
202 319 266 417 qui
283 319 353 391 iam
370 319 589 408 moriuntur,
613 320 787 393 divinitas
799 320 907 414 eripi,
932 334 994 392 ut.
1021 322 1089 399 No.
1104 323 1244 403 220θῦ.
1359 382 1362 389 .

87 442 105 490 s
126 420 266 516 inquit,
306 419 421 495 iustos
441 422 553 506 mori,
593 446 639 493 ne
669 422 821 515 publicis
836 422 994 517 ,poenis
1028 424 1239 503 Q

87 544 159 594 :nm
183 522 329 593 caeteris
348 523 563 615 plectantur:
597 524 751 610 scilicet,
782 538 823 597 ut
849 524 888 593 in
910 547 974 594 cu-

87 642 188 696 suurn
216 623 366 714 ingressi
405 624 542 718 placide
571 624 766 718 quiescant,
829 622 881 695 lta
912 628 993 725 ers-¹

87 746 114 799 :s
136 738 172 794 et
191 725 305 795 lilium
319 739 420 796 tuum
436 726 608 797 secuturis
623 725 880 799 calamitatibus
896 749 972 797 ere-

103 846 195 914 esse;
232 850 316 896 nam
337 826 519 921 aliquanto
542 840 639 920 post,
678 829 776 900 orbis
798 840 971 898 terrarum

1831 337 1889 416 (n.
1903 335 2015 418 mn.)

1837 425 2009 459 Μ

1377 506 1657 622 (Scriptum.)

1089 687 1128 743 Ex
1150 687 1260 744 libellos
1287 687 1395 761 Scripta
1413 689 1546 761 quaedam
1567 686 1601 744 ds
1618 708 1669 745 usu
1688 689 1788 762 integri
1803 696 1967 749 sacramenti
1986 707 2013 750 et

1125 755 1211 811 Missa
1228 756 1368 815 theatrica.
1402 759 1446 815 De
1458 758 1593 812 Potestne
1605 757 1747 814 Pontificis
1764 771 1792 816 et
1804 759 2013 835 Episcoporum,

1125 833 1153 878 et
1168 825 1228 881 aliis
1241 826 1401 896 quibusdam
1415 826 1625 897 controversiis,
1648 828 1762 884 collecta
1777 848 1859 900 opera
1878 841 1904 885 et
1922 833 2012 886 studio

1126 892 1249 965 Cuparis
1259 895 1340 949 Cruci
1359 896 1397 951 eri
1408 895 1540 961 Doctorls
1546 894 1726 972 Theologiae‚
1742 898 1842 971 partim
1854 901 2011 956 ann01540.

1126 962 1155 1019 in
1177 973 1314 1021 conventu
1394 964 1566 1023 malcaldensi
1610 966 1710 1039 partim
1734 985 1809 1022 anno
1833 969 1958 1091 sepirent}
1982 971 2012 1025 in

1126 1042 1261 1088 conventu
1274 1033 1474 1090 Ratisbonensi.
1491 1064 1528 1076 ·-
1586 1052 1682 1091 seusus
1701 1046 1741 1091 est
1757 1035 1802 1092 lais
1815 1036 1867 1092 libe
1891 1057 1922 1091 us
1935 1039 1964 1092 in
1977 1039 2012 1094 ti-

1125 1102 1192 1155 hros
1210 1101 1305 1156 libelli
1319 1103 1423 1174 aliquot
1437 1102 1516 1159 utiles
1528 1101 1645 1174 Philippi
1657 1103 1852 1160 Melanthouis.
1875 1105 2013 1175 (Wiueb.

1127 1169 1205 1225 1560.
1217 1170 1256 1234 8.)
1277 1171 1340 1255 ubi²
1362 1191 1430 1243 quac
1447 1172 1493 1227 hic
1506 1181 1672 1243 sequuntur,
1693 1172 1823 1245 leguntur
1835 1192 1861 1245 p.
1877 1174 1959 1231 iub.
1976 1207 2012 1218 —

1127 1237 1242 1291 Videtur
1259 1239 1340 1294 Cruor
1361 1259 1391 1294 er
1414 1240 1481 1295 laec
1499 1239 1603 1294 calamo
1624 1241 1757 1311 excepisse
1778 1241 1845 1295 dum
1864 1242 2012 1315 colloque·

1126 1306 1224 1360 bantur
1237 1258 1395 1363 Melantion
1415 1318 1442 1363 ct
1458 1306 1556 1362 Eccins
1571 1306 1605 1362 ds
1621 1307 1742 1363 articulis
1761 1309 1822 1363 fidei
1834 1310 1862 1364 in
1876 1325 2012 1368 conventu

1126 1372 1330 1440 Ratisboncnsi3
1346 1377 1462 1431 sortasse
1475 1393 1538 1429 vero
1551 1375 1631 1429 etiam
1645 1394 1709 1431 usus
1719 1387 1759 1432 est
1771 1377 1895 1452 schedis,
1913 1381 2012 1451 quibus

1385 1464 1434 1499 uae
1450 1441 1534 1498 ticcio
1552 1443 1672 1498 obiicere
1690 1445 1797 1500 volebat
1812 1447 1842 1500 in
1861 1447 2013 1522 colloquio,

1124 1511 1273 1581 inscripsit.
1288 1543 1326 1555 -
1363 1463 1518 1567 intersum
1538 1510 1604 1568 hacc
1621 1513 1678 1567 tere
1697 1513 1810 1571 incunte
1828 1514 1922 1588 Maio,
1950 1531 2012 1573 ante

1094 1644 1102 1649 -
1123 1579 1312 1653 colloquium,
1328 1583 1427 1655 scripta
1441 1600 1506 1637 esse.

87 928 120 997 is
134 927 394 1000 mutationibus
411 930 643 1003 concutietur.

87 1026 154 1100 Nec
176 1043 210 1100 te
231 1029 390 1099 amisisse
408 1028 525 1129 filium
539 1029 733 1104 arbitreris.
785 1027 885 1101 Vivit
900 1028 973 1116 ille,

87 1131 271 1226 nanquillo
288 1129 408 1200 animo
422 1154 496 1201 esse
510 1131 620 1218 iubet,
644 1145 678 1202 et
692 1135 803 1203 laetus
818 1145 853 1202 te
868 1156 972 1222 expe-

87 1255 112 1301 n
128 1232 188 1301 illa
203 1231 343 1302 meliori
358 1230 448 1318 vita,
478 1232 540 1302 ubi
561 1254 684 1303 rursus
706 1244 740 1305 te
763 1233 972 1324 complecte-

88 1335 154 1403 ubi
178 1357 300 1404 rursus
317 1333 427 1425 ipsius
443 1335 661 1404 consuetudo
677 1335 791 1405 multo
808 1335 875 1405 tibi
892 1336 971 1404 dul-

87 1434 165 1518 erit,
204 1461 310 1528 quam
334 1458 415 1503 curn
439 1433 608 1504 infantem
629 1436 788 1525 gestabas
811 1436 849 1504 iu
880 1437 972 1519 sinu,

87 1559 130 1604 »as
147 1536 250 1605 rerba
268 1536 416 1626 fingere,
442 1550 502 1605 aut
522 1561 601 1606 cum
621 1551 739 1629 postea
756 1537 971 1628 voluptatem
1013 1586 1016 1597 .

87 1659 114 1705 rs
128 1637 270 1724 ingenio
288 1650 322 1705 et
338 1636 454 1706 studio
471 1637 643 1728 capiebas.
681 1635 879 1732 Aliquanto
895 1653 973 1730 pust

87 1738 234 1807 :audies
249 1739 292 1805 de
307 1736 405 1823 Deo,
437 1752 470 1807 et
492 1741 536 1807 de
551 1739 624 1807 filio
639 1734 726 1823 Dei,
758 1742 801 1808 de
817 1739 971 1808 mirabili
1021 1728 1245 1816 ‚Annalem
1278 1761 1303 1806 a
1335 1733 1495 1808 Ductor:
1520 1728 1740 1836 Cnspnro
1760 1733 2015 1837 Crucigero

91 1838 186 1908 tione
203 1863 342 1922 rerum,
377 1840 530 1932 denique
554 1841 598 1909 de
619 1840 663 1908 iis
685 1841 790 1908 rebus
806 1842 972 1909 omnihus
1021 1831 1256 1909 Ratisbonnc
1285 1833 1341 1907 nd
1368 1836 1593 1938 refutandas
1618 1839 1847 1939 praestigias
1875 1840 2015 1942 Sophi-

87 1952 229 2025 :entem,
269 1941 312 2008 ad
336 1963 486 2032 quntum
510 1940 748 2028 cognitionem
776 1964 878 2009 mens
905 1937 973 2011 hu-
1056 1949 1216 2011 emotum
1237 1937 1484 2011 Eccianornm
1502 1940 1541 2010 in
1556 1941 1766 2038 praecipuis
1789 1941 1977 2018 doctrinae

110 2041 251 2131 proprie
273 2041 415 2109 condita
438 2053 500 2112 est.
552 2039 801 2135 Videbiseum
817 2041 856 2111 in
872 2056 972 2113 coetu
1277 2034 1519 2114 Christianae
1547 2041 1759 2142 capitibus?

87 2153 239 2211 netarum
256 2155 289 2211 et
306 2135 581 2233 Apostolorum,
614 2155 647 2213 et
671 2166 751 2213 cum
775 2136 832 2211 his
854 2136 973 2234 philo-

87 2256 199 2317 :ntem
244 2239 341 2312 Haec
365 2255 399 2312 te
416 2267 498 2312 vera
515 2243 642 2333 gaudia
658 2243 729 2313 iam
747 2243 867 2313 animo
887 2268 974 2314 con-

87 2368 98 2412 e
122 2345 304 2413 convenit:
338 2367 453 2437 neque
476 2344 651 2415 existimes
677 2369 716 2415 ea
740 2344 851 2435 magis
874 2369 972 2416 ame

87 2445 157 2514 rico
178 2470 275 2514 more
293 2444 432 2534 colligi,
457 2470 562 2538 quam
578 2444 755 2518 veredici.

87 2542 161 2635 Ego
176 2571 260 2616 vero
278 2570 357 2616 curn
374 2546 480 2615 :audio
496 2570 612 2614 mores
627 2547 738 2637 ipsius
753 2546 830 2637 pios
850 2560 885 2618 et
905 2541 973 2618 ho-

87 2647 244 2731 stitisse,
279 2661 312 2716 et
337 2649 516 2715 ardentem
543 2672 621 2715 vera
647 2649 716 2716 fide
737 2661 771 2717 et
793 2649 973 2737 agnitione

87 2746 129 2816 lei
156 2750 305 2818 coluisse
328 2761 364 2817 et
386 2750 565 2816 invocasse
582 2747 713 2817 Deum:
752 2745 837 2818 hinc
859 2752 973 2820 disce-

88 2875 142 2931 m,
169 2872 205 2920 se
221 2851 481 2919 commendasse
498 2850 571 2918 filio
586 2849 671 2931 Dei,
703 2850 765 2943 qui
789 2850 893 2920 nobis
915 2875 972 2921 ae·

87 2975 123 3018 m
147 2965 280 3043 patrem
304 2952 487 3023 coelestem
512 2950 682 3042 placavit,
710 2962 744 3020 et
765 2952 810 3020 ab
832 2964 972 3022 aeterna

87 3078 94 3120 e
110 3054 187 3146 pios
204 3053 320 3144 ipsum
336 3052 541 3123 invocantes
554 3053 720 3122 redemit:
745 3076 820 3122 non
836 3054 973 3140 dubito,

87 3156 118 3222 in
132 3154 267 3224 coelum
284 3155 465 3224 beatorum
482 3177 502 3222 a
515 3149 659 3223 Christo
673 3155 874 3225 traductum
888 3179 972 3230 esse.

87 3254 177 3324 enirn
194 3255 431 3324 dubitandum
447 3267 500 3324 est
514 3256 558 3323 de
573 3255 704 3325 divinis
719 3256 917 3346 pmmissis,
939 3272 973 3330 et
1005 3320 1010 3329 .

87 3356 224 3425 alutaris
238 3380 307 3425 vox
325 3357 420 3426 intus
434 3355 540 3426 infixa
555 3349 699 3426 baereat
712 3357 893 3427 inanimis
906 3383 973 3428 no-

120 3454 222 3528 Beati
246 3456 395 3541 mortui,
429 3455 492 3550 qui
515 3456 554 3525 in
576 3454 734 3528 Domino
757 3458 972 3535 moriuntur.

87 3550 330 3651 argumentum
351 3559 395 3628 ad
417 3557 673 3629 consolandum
695 3558 970 3631 efficacissimum

87 3662 183 3757 'dque
200 3661 229 3729 si
247 3673 499 3752 saeperepetas
513 3655 650 3746 animo,
684 3681 759 3729 non
781 3660 895 3731 solum
920 3663 972 3732 le·
1283 3726 1292 3745 ‚
1473 3725 1482 3743 ‚
1545 3727 1553 3743 ‚
1642 3726 1653 3745 ‚
1910 3730 1946 3748 ..
1992 3733 2000 3749 ι

87 3760 240 3846 sdolor,
273 3763 334 3830 sed
357 3761 462 3831 etiam
485 3760 699 3835 desiderium
721 3761 971 3833 iniussum,
1122 3726 1256 3798 Paulus
1281 3728 1449 3816 intelligat
1471 3727 1653 3797 rustrficarr
1681 3752 1746 3820 pro
1779 3731 2013 3818 reconcrlrarr,

87 3863 248 3933 :etudinis
271 3886 350 3931 cum
369 3861 443 3930 lilio
458 3861 630 3933 inanimo
645 3864 868 3940 accendetur.
919 3865 972 3935 Ac
1019 3852 1100 3917 *ω’
1134 3854 1301 3923 ⁶⁰⁰⁵⁰q⁰¹
1322 3852 1566 3901 ¹⁰¹¹¹¹⁸⁸¹⁰¹¹⁸¹¹¹
1595 3842 1817 3921 Peccatorum
1851 3846 1886 3902 θῑ
1914 3857 2014 3903 ³⁰⁰0·

116 3965 237 4034 eadem
263 3962 374 4034 tibia
397 3952 560 4033 Caluino
588 3964 762 4055 copiosius
788 3966 972 4036 etmelius
1022 3932 1348 4049 Pffli⁰¹¹²¹⁰⁶⁰¹³¹¹ff
1364 3928 1452 4048 qu·
1500 3927 1645 4002 Eleum
1662 3931 1712 4000 ³⁵¹
1730 3929 2013 4052 gratisffeten

87 4065 171 4150 fibi,
204 4087 279 4134 non
301 4064 414 4133 solum
436 4065 519 4158 quia
545 4066 743 4135 ,rudffione
760 4066 970 4137 &facundia
1020 4034 1229 4124 partrculam
1256 4034 1303 4101 ad
1329 4036 1500 4119 rudrcrum
1527 4045 1667 4101 nostrae
1699 4047 1934 4105 conserentur
1968 4040 2012 4107 de

88 4180 140 4252 at,
174 4167 234 4235 sed
258 4166 362 4235 etiam
386 4165 487 4260 quia,
519 4188 598 4234 curn
619 4166 734 4236 lilium
755 4179 856 4237 tuum
875 4169 972 4242 norit
1020 4137 1203 4207 V⁰¹¹¹⁰¹³²²
1220 4130 1303 4204 D²i²
1336 4129 1417 4202 ΝΜ
1439 4142 1578 4202 tamum
1600 4131 1773 4223 ‘istium’
1803 4138 1899 4228 (1¹¹0d
1915 4130 2011 4210 D⁰U³

87 4268 208 4348 iarius,
241 4267 344 4358 plura
367 4268 411 4336 cle
433 4267 507 4335 eius
528 4266 659 4336 virtute
680 4280 715 4338 et
727 4266 857 4359 pietate
872 4292 971 4340 com·
1021 4237 1277 4357 ssfffi⁸fl⁰¹¹⁰¹³
1310 4235 1371 4302 “id
1393 4223 1617 4351 addiifid‘i’,
1641 4231 1904 4353 lubffiffmllffl
1920 4261 2011 4356 ,⁰⁰⁰⁶

87 4393 177 4439 :rare
199 4380 324 4460 potest.
388 4364 503 4437 Deum
528 4389 670 4457 precor,
712 4368 774 4461 qui
795 4382 846 4440 est
868 4385 972 4443 aulo„
1020 4351 1183 4410 sua-uas
1206 4349 1376 4420 statuere,
1408 4336 1503 4426 quod
1529 4346 1643 4452 graus
1657 4359 1886 4428 accipiamus:
1919 4339 2008 4410 rllud

91 4469 233 4537 lationis
247 4467 303 4563 (ut
318 4466 450 4536 Paulus
465 4466 601 4564 inquit)
618 4482 658 4537 ut
677 4468 751 4559 ipse
766 4470 876 4561 erigat
893 4474 971 4542 ani·
1020 4454 1143 4561 aufem,
1153 4453 1204 4509 ⁰⁵¹
1219 4439 1372 4555 πράξω·
1410 4432 1464 4504 De
1478 4437 1691 4553 “fumum
1707 4450 1909 4559 ¹¹⁰⁸}12f11ffl
1924 4466 2009 4511 6οΠ-

96 4584 214 4655 tuum,
246 4583 280 4640 et
304 4583 338 4639 te
360 4581 395 4640 et
417 4570 573 4662 reliquos
598 4583 714 4640 servet
736 4584 770 4641 et
790 4574 971 4662 gubernet.
1020 4555 1245 4614 “mmmm
1262 4551 1351 4628 ‘¹3¹²’
1377 4560 1451 4606 ⁰⁰¹¹
1466 4549 1538 4627 ³8¹¹
1552 4536 1596 4606 de
1609 4539 1942 4630 Praedffihssalwne·

99 4671 192 4740 vale:
229 4692 347 4740 meuse
368 4663 505 4764 Aprili,
534 4668 577 4741 'ex
604 4686 780 4743 conventu
803 4670 971 4748 Ratisbo-
1210 4734 1237 4799 0
1467 4738 1483 4757 ,
1559 4733 1574 4798 I
1750 4725 1764 4759 ·,

91 4768 236 4857 ’1541'
1239 4733 1818 4824 pponssrgospoopopoulmnep.

386 4899 389 4903 ·
1117 4871 1147 4949 l.
1181 4870 1289 4962 Quod
1311 4869 1493 4942 iustificari
1513 4870 1683 4960 significet
1704 4871 1861 4966 accipere
1884 4874 2009 4945 remis·

1018 4977 1155 5047 sionem
1170 4987 1393 5069 peccatorum
1409 4987 1443 5043 et
1458 4974 1741 5063 acceptationem.

1119 5073 1167 5152 11.
1201 5073 1308 5165 Quod
1332 5073 1500 5167 particula
1519 5072 1644 5166 gratis
1671 5088 1815 5169 quaerat
1836 5077 1879 5146 de
1904 5098 2007 5147 cansa

1018 5190 1163 5271 pmpter
1183 5200 1288 5271 quam
1309 5175 1499 5267 accipimus
1520 5173 1666 5272 ἄφεσιν.
1718 5175 1845 5248 Utrum
1862 5192 2009 5270 propter

1018 5279 1131 5350 lilium
1139 5276 1217 5361 Dei,
1239 5302 1284 5347 au
1297 5291 1443 5371 pmpter
1457 5291 1615 5350 nostram
1632 5278 1862 5368 dignitatern?
1887 5278 2007 5368 Quac-

87 5405 209 5449 ωτι.
222 5382 324 5448 Orsa.
346 5380 430 5447 Vos.
449 5378 509 5447 IV.
1178 5378 1225 5450 16

1126 1440 1285 1497 Melanthon
1298 1462 1343 1514 es,

1232 2162 1523 2272 inpleturum:
1537 2190 1595 2271 τῆς
1607 2185 1642 2253 ἐκ
1656 2187 1798 2266 πίστεως.

1021 2287 1161 2382 Noster
1175 2306 1344 2378 articulus
1360 2307 1486 2378 deiide
1502 2306 1540 2376 in
1556 2331 1692 2379 summa
1703 2304 1772 2381 hoc
1786 2309 1891 2396 dicit,
1917 2316 2012 2405 quod

1023 2412 1127 2480 detur
1157 2409 1263 2478 nohis
1292 2408 1452 2477 remissio
1483 2424 1705 2499 peccatorum
1736 2425 1882 2502 propter
1906 2409 2015 2483 Chri-

1023 2526 1136 2597 stum,
1160 2535 1235 2580 nnn
1250 2523 1396 2602 propter
1410 2510 1570 2601 proprias
1584 2510 1749 2597 virtutes,
1772 2510 1822 2583 Et
1836 2515 1932 2607 quod
1946 2511 2014 2585 hoc
2041 2597 2046 2607 Ι

1023 2627 1183 2705 oporteat
1199 2612 1305 2683 credi.
1353 2608 1488 2701 Negare
1504 2607 1567 2680 has
1581 2612 1670 2682 duas
1686 2614 1946 2705 pmpositiones
1963 2633 2015 2688 est
2054 2621 2059 2629 '

1023 2713 1237 2784 contumelia
1259 2714 1396 2784 allicere
1411 2713 1524 2781 lilium
1542 2711 1611 2783 Dei
1626 2715 1825 2800 victimam,
1859 2730 1893 2787 et
1907 2713 2015 2787 Chri-

1023 2831 1116 2886 stum
1144 2817 1271 2887 iterum
1297 2814 1515 2904 crucifigere,
1557 2826 1610 2884 est
1635 2811 1787 2888 ἀθετεῖν
1806 2812 1877 2911 τὴν
1899 2811 2014 2913 χάριν

1022 2917 1129 2989 θεοῦ.
1179 2918 1263 2986 ldeo
1286 2915 1396 2986 simus
1418 2916 1457 2985 in
1473 2910 1580 2987 huius
1596 2918 1791 2989 sententiae
1808 2921 2012 2991 defensione

1021 3017 1126 3089 firmi.

1121 3117 1295 3190 Concedit
1319 3112 1410 3187 hanc
1430 3118 1711 3211 propositionem
1728 3115 1875 3193 Eccius:
1906 3125 2014 3211 gratis

1022 3219 1264 3293 iustificamur.
1322 3218 1393 3290 Sed
1415 3243 1489 3287 nou
1512 3221 1675 3305 concedit
1697 3215 1807 3291 hanc:
1845 3222 1920 3292 sola
1944 3226 2013 3294 lide

1021 3322 1265 3394 iustificamur.
1330 3317 1503 3409 intelligit
1526 3322 1624 3391 enim
1644 3320 1827 3392 iustificari
1848 3325 1894 3394 de
1916 3325 2014 3396 iufu-

1022 3424 1122 3494 sione
1137 3423 1328 3504 virtutum,
1348 3434 1389 3492 ut
1402 3422 1433 3492 si
1450 3422 1597 3493 diceret:
1624 3423 1733 3512 gratis
1748 3424 1926 3497 donamur
1939 3429 2013 3497 vir-

1021 3526 1177 3610 tutibus,
1207 3522 1289 3596 Non
1307 3537 1424 3596 autem
1442 3524 1618 3595 donamur
1632 3524 1707 3594 sola
1723 3526 1810 3614 lide,
1834 3550 1916 3615 seu,
1938 3553 2013 3600 non

1021 3627 1095 3698 sola
1111 3628 1197 3697 fides
1214 3639 1266 3696 est
1279 3628 1426 3697 donum.
