4522 5752
255 196 305 271 67

254 391 336 438 nem
350 381 386 439 et
402 382 584 459 peceatum
604 380 742 437 tantum
761 380 913 451 reatum,
939 366 977 437 id
998 381 1068 453 est,
1090 367 1243 459 imputa·

184 498 194 508 ·
254 464 465 540 tionem'seu
486 470 728 554 reiectionem,
758 471 834 539 sine
855 469 943 539 vitio
967 470 1007 539 in
1029 486 1157 541 natura
1177 466 1244 541 bo-

253 573 382 657 minis,
407 573 557 653 nimium
578 567 860 664 philosophatur.

356 673 539 765 Scriptura
561 688 595 745 et
613 673 734 744 Patres
759 675 917 745 sentiunt
945 673 1116 745 iustitiam
1144 675 1242 744 illam

255 800 330 848 non
355 790 499 870 tantum*
514 776 788 868 acceptationem
811 777 933 862 fuisse,
975 779 1035 845 sed
1059 777 1245 851 rectitudi-

255 903 355 964 nem,
386 878 550 949 videlicet
567 901 646 968 erga
660 875 793 965 Deum,
824 873 910 948 baec
924 878 1023 949 nulla
1041 902 1113 948 esse
1128 893 1244 971 potest

255 981 332 1051 sine
353 980 432 1051 luce
451 992 661 1070 agnoscente
683 978 817 1066 Deum,
855 992 890 1051 ct
913 981 988 1050 sine
1012 982 1243 1052 conversione

253 1083 446 1153 voluntatis
461 1085 505 1152 ad
519 1080 655 1169 Deum,
680 1096 714 1153 et
735 1083 855 1153 debito
875 1084 1002 1154 ordine
1023 1083 1242 1177 reliquarum

254 1184 399 1269 virium3
428 1185 520 1256 sicut
534 1186 734 1277 disputatur
748 1185 785 1253 in
799 1190 836 1259 ἓ.
850 1185 1004 1260 distinct.
1018 1185 1081 1260 29.

352 1280 401 1356 Et
425 1284 634 1358 Ambrosius
659 1287 792 1380 inquit:
827 1287 982 1376 Quando
1006 1282 1121 1358 Adam
1146 1288 1242 1358 soln's

252 1402 345 1474 erat,
378 1412 453 1458 non
478 1402 529 1458 est
545 1389 822 1482 praevaricatus,
848 1389 930 1484 quia
951 1414 1052 1459 meus
1073 1391 1148 1462 eius
1164 1389 1240 1462 Deo

250 1485 473 1564 adhaerebat.

350 1589 421 1662 Hic
436 1607 528 1663 certe
545 1593 789 1684 complectitur
803 1596 941 1680 eadem,
972 1620 1060 1688 quae
1076 1618 1139 1685 ego
1161 1619 1240 1665 sum

251 1695 463 1784 complexus.
512 1694 585 1764 Nec
608 1696 697 1765 facio
721 1695 940 1766 identitatem
958 1692 1237 1791 Metapbysieam

249 1798 436 1869 donorum.
488 1794 537 1867 Et
552 1810 690 1868 constat
704 1822 745 1867 ex
766 1798 972 1888 vulgaribus
992 1798 1238 1891 descriptioni-

248 1900 315 1977 bus
332 1897 521 1983 iustitiam,
553 1923 642 1991 quae
661 1912 807 1969 vocatur
821 1899 1051 1981 universalis,
1085 1901 1239 1992 comple-

248 2001 295 2071 cti
317 2001 436 2092 plures
458 2001 621 2085 virtutes,
661 2024 722 2071 seu
746 2001 985 2072 obedientiam
1009 2002 1048 2071 in
1070 2003 1238 2072 omnibus

245 2103 393 2175 viribus.

346 2200 379 2273 E
395 2201 538 2292 regione
552 2219 731 2298 peccatum
749 2205 896 2296 originis
911 2206 1142 2296 intelligimus
1163 2231 1235 2276 non

200 2304 206 2315 '
245 2319 383 2378 tantum
399 2307 627 2377 reiectionem
649 2302 798 2377 humani
818 2309 972 2398 generis,
1002 2333 1063 2378 seu
1082 2309 1235 2400 imputa-

244 2391 390 2480 tionem.
441 2406 510 2479 Sed
535 2409 639 2479 etiarn
656 2408 767 2500 ipsius
786 2423 932 2480 naturae
949 2412 1235 2503 depravationem

246 2512 283 2578 in
305 2522 441 2592 mente,
473 2511 655 2581 voluntate
678 2524 712 2581 et
734 2512 892 2603 appetitu
915 2514 1095 2583 sensitivo.
1152 2511 1233 2582 Non

245 2612 354 2701 igitur
376 2625 513 2681 tantum
538 2613 663 2705 reserat
689 2614 1008 2705 concupiscentiam
1031 2615 1076 2684 ad
1100 2617 1235 2707 appeti-

242 2728 321 2785 tum
336 2712 553 2794 sensitivum.
601 2710 680 2784 Etsi
697 2716 741 2783 de
756 2710 824 2785 hoc
841 2717 998 2808 exempla
1018 2729 1103 2787 sunt
1123 2718 1234 2808 magis

242 2814 390 2896 usitata,
422 2815 614 2886 sedetiam
638 2818 680 2886 ad
704 2816 901 2909 superiores
922 2821 1033 2904 vires,
1065 2819 1156 2890 sicut
1177 2820 1235 2890 di-

242 2929 335 2988 ctum
355 2931 415 2988 est.

340 3014 449 3089 Extat
469 3019 561 3090 clara
585 3021 756 3091 sententia
774 3016 965 3112 Augustini
987 3024 1031 3092 de
1050 3020 1232 3114 Baptismo

142 3184 145 3188 .
241 3121 482 3213 parvulorum.
548 3119 721 3193 Remanet
753 3123 933 3215 corruptio
956 3148 1030 3194 non
1054 3126 1168 3195 solum
1193 3125 1232 3194 in

241 3246 405 3314 corpore,
430 3225 490 3293 sed
506 3224 613 3295 etiam
628 3225 668 3294 in
684 3224 822 3312 animo,
855 3226 917 3320 qui
938 3240 989 3297 est
1009 3221 1117 3297 bomo
1138 3229 1232 3298 inte-

240 3349 325 3400 rror.

340 3422 449 3496 Recte
467 3426 575 3513 igitur
590 3423 661 3496 buc
677 3430 989 3517 accommodantur
1007 3429 1103 3499 dicta
1117 3427 1232 3514 Pauli,

240 3528 372 3598 Sensus
389 3529 503 3596 carnis
521 3529 705 3598 inimicitia
723 3544 775 3600 est
789 3533 956 3599 adversus
970 3528 1097 3603 Deum.
1132 3529 1231 3617 Item,

240 3625 416 3697 Animalis
432 3626 540 3698 homo
560 3654 632 3700 non
649 3632 800 3722 percipit
815 3656 872 3718 ea,
906 3655 997 3725 quae
1013 3645 1097 3702 sunt
1113 3630 1230 3724 Spiri-

238 3745 294 3800 tus
310 3727 389 3803 Dei.
441 3729 600 3801 Stultitia
616 3733 710 3801 enim
730 3748 781 3803 est
795 3734 845 3818 ei,
880 3746 914 3803 et
938 3758 1013 3802 non
1034 3748 1150 3825 potest
1172 3736 1230 3803 in-

236 3832 405 3920 telligere.
456 3830 525 3902 Hic
543 3848 634 3903 certe
649 3836 693 3905 de
710 3837 838 3905 mentis
860 3848 895 3904 et
916 3835 1109 3907 voluntatis
1130 3861 1228 3907 mor-

236 3934 292 4003 bis
309 3934 477 4028 loquitur.
528 3932 624 4005 Hinc
646 3937 730 4007 satis
752 3936 903 4028 intelligi
920 3950 1050 4028 potest,
1082 3962 1148 4007 nos
1170 3963 1228 4009 re-

101 4126 110 4131 ·
236 4050 290 4105 cte
306 4059 510 4126 exaggerare
526 4053 724 4137 peccatum,
756 4061 820 4109 uec
837 4065 893 4109 me
911 4039 1077 4128 affingere
1097 4064 1226 4110 novam

235 4137 347 4208 Paulo
371 4139 715 4230 interpretationem3
751 4143 810 4211 sed
834 4136 946 4225 banc,
976 4166 1081 4235 quam
1104 4167 1226 4213 recen-

235 4241 309 4319 sui,
346 4265 426 4309 vere
449 4265 521 4310 esse
545 4244 752 4312 sententiam
770 4240 1001 4335 propheticae
1021 4258 1056 4314 et
1071 4238 1225 4336 Aposto-

236 4342 321 4411 licae
338 4344 531 4435 scripturae
550 4359 583 4412 et
601 4346 834 4417 eruditiorum
852 4361 1004 4436 patrum.

337 4442 379 4536 4)
406 4441 544 4514 Accede
570 4448 612 4514 ad
638 4472 695 4530 ca,
739 4471 828 4539 quae
858 4450 901 4517 de
920 4445 1103 4539 Baptismo
1133 4449 1225 4518 dicta

236 4560 329 4615 sunt.
380 4544 502 4615 Potius
519 4546 669 4644 (inquit)
688 4550 790 4640 culpa
807 4551 1030 4632 exuberaret,
1061 4551 1090 4619 si
1114 4551 1225 4637 gratia

236 4648 291 4715 vel
307 4644 451 4739 spiritus
465 4673 538 4717 non
556 4666 670 4741 posset
684 4666 794 4722 totam
811 4652 989 4723 remittere
1002 4666 1037 4721 et
1049 4653 1199 4724 abolere.

341 4748 465 4819 Brevis
481 4753 662 4838 responsio
683 4769 743 4838 est,
782 4751 943 4824 Dicimus
955 4768 1064 4824 totam
1080 4755 1225 4838 remitti,

105 4922 112 4929 ,
234 4874 314 4921 curn
333 4846 439 4921 bomo
456 4876 519 4943 per
535 4850 755 4944 Baptismum
773 4882 790 4925 a
809 4854 884 4925 Deo
901 4856 1070 4946 recipitur
1090 4857 1128 4925 in
1146 4880 1225 4944 gra-

235 4953 332 5027 tiam.
391 4951 476 5024 Ideo
498 4956 607 5043 gratia
631 4959 813 5041 exuberat,
843 4983 932 5050 quae
955 4954 1023 5026 hoc
1043 4971 1224 5049 peccatum

84 5104 118 5143 -,-
195 5108 198 5113 -
235 5068 349 5127 totum
372 5056 496 5149 sepelit
520 5059 797 5142 condonatione,
832 5061 922 5130 sicut
935 5057 1063 5132 Roma.
1081 5058 1114 5130 6.
1135 5061 1225 5129 dici-

136 5118 193 5149 ,Ι-

126 5154 306 5253 ”···ῑ·,ῑιιι·.
410 5206 418 5217 --
514 5245 518 5249 ¹

200 5282 243 5353 tf,
334 5256 439 5331 Tunc
462 5262 566 5332 etiam
589 5262 752 5332 incoatur
771 5263 809 5331 in
824 5278 945 5334 renato
963 5264 1101 5334 novitas
1118 5265 1224 5356 spiri-

228 5352 234 5363 '
295 5360 360 5467 lit,
391 5363 458 5434 etsi
479 5375 600 5435 manet
619 5364 761 5435 interim
785 5390 913 5457 corpus
934 5367 1066 5457 peccati
1085 5363 1144 5459 (ut
1160 5393 1224 5438 vo·

785 189 1249 275 ,urtsrotassuu
1297 176 1409 271 LlB.
1438 191 1540 269 vm.
1592 189 1723 283 1541·

1297 378 1352 436 cat
1375 362 1526 463 Paulus)
1555 365 1615 437 cui
1644 381 1818 460 repugnat
1838 370 1996 459 novitas,
2030 388 2129 468 'quaa
2147 373 2256 451 rand·-

1295 467 1428 539 abolito
1447 477 1595 562 corpore
1608 473 1743 562 peccati
1755 471 2065 551 fiteonsummata.

1394 599 1449 671 De
1473 602 1699 674 Sacramento
1727 605 1967 697 poeniteutiae
1994 622 2030 680 e't
2049 605 2228 702 Baptismi

1294 704 1424 774 adultis
1441 705 1566 773 similis
1580 706 1672 776 ratio
1687 719 1750 780 est.
1785 702 1948 778 Actualia
1964 734 2047 781 enm
2061 723 2145 783 actu
2158 724 2239 782 tran

1294 807 1428 891 verint,
1452 822 1493 877 ut
1514 807 1585 876 diei
1605 809 1712 894 solat,
1743 832 1819 879 non
1842 827 2004 899 manent,
2037 826 2074 885 et
2097 812 2206 885 remit
2229 847 2258 875 ιι

1294 923 1363 982 tur.
1405 907 1478 979 Sed
1490 909 1624 979 malum
1641 911 1814 1001 originale
1836 928 1956 984 manet
1977 928 2074 999 actu,
2109 914 2178 985 etsi
2223 948 2228 975 ι
2246 949 2257 974 a

1293 1010 1346 1102 pit
1359 1011 1582 1096 mortificari,
1616 1026 1650 1082 et
1671 1025 1789 1084 tamen
1806 1017 2029 1088 condonatur
2044 1019 2144 1111 qnod
2158 1039 2260 1087 manc

1292 1110 1375 1182 Non
1390 1114 1500 1202 igitur
1518 1114 1638 1184 minus
1652 1114 1845 1186 tribuimus
1859 1113 2060 1211 baptismo,
2092 1142 2202 1214 quam

1292 1228 1471 1287 eramento
1491 1216 1737 1307 poenitentiae.

1394 1350 1501 1444 Quod
1525 1354 1704 1447 seqnitur,
1736 1376 1757 1423 a
1777 1375 1835 1422 me
1858 1375 1933 1422 non
1954 1365 2006 1424 est
2021 1351 2169 1425 dictum.
2228 1360 2256 1415 t,

1291 1453 1458 1545 ptismum
1475 1455 1514 1523 in
1531 1456 1650 1548 pueris
1667 1466 1785 1547 petere
1799 1455 2117 1542 condonationem,
2149 1455 2181 1525 si
2201 1480 2249 1527 cn

1292 1579 1390 1626 secus
1412 1557 1535 1626 recitat
1557 1581 1678 1626 meum
1704 1558 1858 1640 dictum,
1892 1556 1979 1627 boni
2000 1557 2162 1631 consulo.
2210 1555 2249 1629 S*

1291 1659 1321 1726 si
1335 1658 1458 1753 volens
1472 1661 1653 1751 depravat,
1679 1659 1825 1729 moleste
1838 1659 1924 1732 fero.
1961 1652 2050 1741 Etsi,
2073 1658 2196 1753 quales
2210 1659 2239 1728 si

1290 1759 1329 1828 in
1347 1760 1550 1831 infantibus
1574 1774 1691 1830 motus
1714 1758 1868 1852 Spiritus
1891 1761 2004 1831 sancti
2032 1760 2261 1832 sanctificant

1290 1885 1367 1948 eos,
1397 1863 1503 1932 nobis
1527 1886 1695 1955 quaerere
1717 1886 1790 1931 non
1814 1876 1867 1933 est
1888 1886 1989 1955 opus.
2039 1859 2180 1932 Tamen
2208 1894 2255 1924 au·

1289 1963 1438 2050 dicatur,
1463 1964 1609 2036 Talium
1624 1979 1674 2034 est
1691 1986 1839 2053 regnum
1858 1966 2049 2047 coelorum,
2073 1986 2213 2035 neeesse
2239 1998 2259 2023 ·-

1288 2065 1407 2150 fateri,
1428 2069 1523 2160 quod
1539 2067 1578 2135 in
1593 2066 1643 2135 eis
1658 2066 1819 2136 incoetur
1834 2068 1984 2142 novitas.

1388 2198 1513 2271 Postea
1529 2225 1612 2272 vero
1627 2200 1672 2272 de
1685 2201 1841 2271 motibus
1858 2200 1897 2269 in
1914 2200 2045 2271 adultis
2060 2200 2147 2282 dixi,
2173 2200 2235 2271 lid
2253 2236 2258 2262 a

1287 2302 1415 2374 luctari
1431 2327 1509 2372 cum
1524 2298 1593 2372 boc
1608 2315 1769 2396 peccato,
1798 2303 1965 2394 amplecti
1981 2302 2222 2374 condonation
2232 2338 2258 2364 a·

1287 2405 1326 2473 in
1347 2403 1530 2497 Baptismo
1553 2419 1749 2498 acceptam,
1791 2419 1841 2489 et,
1873 2405 1957 2498 quia
1978 2405 2110 2475 malum
2127 2428 2206 2475 non
2238 2440 2256 2465 a

1286 2506 1458 2592 otiosum,
1484 2520 1602 2599 petere
1618 2506 1926 2580 condonationem.
1974 2505 2047 2578 Nec
2064 2506 2141 2576 dixi
2192 2540 2194 2547 s
2214 2543 2231 2570 ι.
2249 2559 2261 2571 ι,

1286 2633 1370 2679 nere
1387 2610 1427 2677 in
1447 2609 1621 2700 baptisato
1644 2611 1803 2702 culpam,
1836 2609 1909 2680 vito
1924 2609 2020 2678 enim
2041 2605 2109 2679 hoc
2127 2632 2210 2680 vet·

1284 2724 1428 2805 propter
1442 2711 1718 2801 ambiguitatem.

1384 2842 1448 2917 Ait
1463 2869 1499 2914 se
1516 2869 1591 2915 non
1606 2868 1705 2937 posse
1722 2826 1944 2934 intelligere,
1961 2842 2143 2936 quomodo
2158 2840 2226 2913 inf

1285 2948 1392 3018 simul
1407 2973 1471 3039 per
1485 2949 1632 3038 gratiam
1648 2947 1692 3016 sit
1711 2948 1844 3018 amicus
1858 2943 1943 3031 Dei,
1975 2959 2009 3017 et
2025 2943 2195 3017 inimicus
2225 2979 2231 3005 ι
2248 2978 2251 2984 =

1284 3051 1434 3142 culpam.
2013 3074 2018 3081 ·
2176 3036 2184 3053 '

1384 3169 1477 3261 Quis
1493 3167 1560 3241 boc
1577 3170 1689 3241 dixit?
1723 3167 1884 3241 Renatus
1899 3182 1949 3239 est
1962 3165 2095 3237 amiens
2107 3161 2177 3236 Dei
2191 3189 2248 3258 pr

1282 3290 1361 3367 pter
1380 3274 1611 3345 mediatorem
1632 3267 1815 3345 Christum
1837 3294 1901 3362 per
1922 3269 2089 3360 gratiam,
2128 3291 2195 3339 seu
2215 3290 2257 3339 ac

1283 3390 1384 3469 cepto
1407 3375 1543 3467 Spiritu
1567 3389 1706 3458 sancto,
1737 3387 1772 3443 et
1793 3373 1944 3457 malurn,
1974 3371 2070 3464 quod
2093 3369 2261 3463 reliqnn

1283 3494 1352 3567 est,
1376 3481 1614 3563 condonatur,
1639 3476 1704 3548 etsi
1719 3490 1770 3546 est
1784 3476 1909 3545 vitium
1928 3494 2087 3565 pugnans
2102 3495 2186 3542 cnm
2198 3472 2247 3553 le

1281 3578 1367 3665 Dei,
1391 3582 1451 3651 sed
1466 3605 1540 3651 non
1555 3592 1696 3670 regnat,
1730 3578 1802 3647 irno
1820 3575 1998 3667 sepultum
2016 3587 2067 3644 est
2089 3574 2246 3645 condon

1282 3683 1397 3767 tione,
1429 3696 1469 3753 ut
1492 3681 1578 3752 alibi
1596 3684 1640 3751 de
1657 3679 1925 3751 definitionibus
1942 3672 2175 3760 Ortbodoxae
2190 3674 2259 3746 lide

1280 3810 1355 3877 cap.
1376 3783 1438 3860 49.
1463 3784 1603 3854 dicitur.
1661 3781 1791 3853 Nullus
1813 3779 1963 3852 Sanctus
1983 3789 2019 3848 et
2038 3777 2154 3871 iustus
2178 3799 2219 3847 ca
2247 3811 2249 3817 r

1279 3900 1439 3979 peccato,
1466 3910 1530 3957 nec
1549 3899 1666 3955 tamen
1685 3909 1727 3953 ex
1749 3879 1818 3953 hoe
1838 3880 1968 3951 desinit
1991 3902 2064 3950 esse
2086 3879 2203 3951 iustus
2213 3901 2255 3949 ve

1278 4003 1436 4075 sanctus,
1462 4012 1542 4069 cum
1558 3986 1686 4057 affectu
1702 3986 1833 4057 retinet
1846 3979 2089 4057 sanctitatem.'

1378 4121 1503 4193 Postea
1532 4132 1729 4213 sequnntur
1757 4116 1908 4187 fulmina
1936 4113 2148 4192 verborum,
2186 4135 2258 4183 scu·

1277 4226 1341 4295 ait:
1365 4222 1456 4295 Cum
1470 4221 1773 4313 concupiscentiae
1797 4219 1934 4309 eulpam
1957 4216 1996 4283 in
2016 4210 2249 4284 hominesne

1277 4329 1322 4399 tis
1343 4322 1567 4419 perpetuam,
1606 4347 1717 4416 usque
1746 4323 1790 4391 ad
1812 4329 2090 4389 consummatam
2116 4338 2240 4385 reno

1278 4431 1429 4513 tionem,
1454 4441 1518 4500 etc.
1568 4423 1652 4495 Non
1670 4439 1721 4496 est
1739 4419 1846 4492 bomo
1864 4422 1904 4489 in
1920 4434 2033 4503 terra,
2063 4417 2154 4512 quin
2168 4413 2261 4488 null

1276 4532 1436 4601 millibus
1452 4554 1534 4599 eum
1556 4527 1709 4599 oneratis
1731 4523 1898 4619 peccatis,
1912 4618 1916 4623 Ι
1928 4534 1963 4591 et
1983 4520 2111 4591 iisdem
2133 4516 2248 4612 capita

1276 4636 1382 4706 libus.

1376 4748 1537 4819 Primum
1554 4748 1619 4818 scit
1635 4770 1702 4816 nos
1717 4766 1790 4815 non
1806 4743 1856 4813 sic
1871 4740 1990 4834 loqui,
2014 4739 2216 4831 concupisc

1276 4854 1344 4923 tiae
1368 4853 1506 4942 culpam
1532 4874 1605 4919 esse
1627 4861 1848 4940 perpetuam.¹
1893 4840 2033 4913 Deinde
2053 4840 2143 4912 illud
2161 4842 2245 4911 etia

1276 4958 1320 5026 de
1336 4978 1400 5024 suo
1419 4953 1573 5031 addidit,
1608 4952 1702 5044 quod
1726 4967 1913 5020 oneremus
1932 4938 2094 5014 homiues
2117 4968 2220 5035 pecca
2237 4944 2257 5001 ἰ

1275 5057 1496 5148 capitalibus.
1547 5050 1707 5123 Dicimus
1728 5051 1822 5121 enim
1844 5046 1975 5117 renatis
1995 5042 2063 5116 boc
2085 5058 2229 5136 peccatu

1276 5158 1483 5230 condonari.
1534 5154 1671 5225 Interea
1688 5168 1806 5225 tamen
1822 5173 1945 5220 verum
1960 5161 2030 5234 est,
2053 5142 2152 5219 hunc
2167 5172 2248 5219 mor

1275 5266 1362 5335 bum
1386 5284 1460 5329 non
1482 5281 1555 5328 esse
1581 5256 1752 5343 otiosum,
1791 5266 1829 5326 et
1848 5273 1971 5344 parere
1993 5248 2125 5321 multos
2146 5263 2238 5321 mot
2253 5287 2261 5306 ι

1274 5374 1471 5460 pugnantes
1484 5386 1565 5432 eum
1582 5353 1749 5449 legeDei,
1773 5354 1902 5452 quibus
1914 5352 2189 5447 repugnandum
2212 5386 2229 5412 ιΔ
