4522 5752
662 134 1103 217 uetsrotaxuu
1153 134 1264 211 sto.
1296 130 1399 208 vut.
1452 128 1585 257 sats.

844 316 894 397 (t.
908 312 1097 399 tmztmp.)

819 408 1090 449 w

1113 480 1117 505 ι

466 500 507 587 Ι.
534 496 761 589 Caesareo.

223 692 258 746 ita
265 688 391 815 primum
404 682 544 766 separadm
553 698 570 761 s.
579 677 701 803 Effiwh
716 676 749 729 de
761 670 1103 756 conventoaaustomo

212 746 707 897 qqoegfiuqnaeecqqgmhsstqionqt
720 747 754 882 i?
767 742 1039 929 iintiiroviibbissqinb
1052 756 1103 861 hir
1116 828 1119 833 ·

902 896 941 933 ιιι.

210 893 323 1015 epistola
348 892 418 944 edite
441 896 490 945 est.
514 916 551 926 -
593 884 697 967 Reeusa
722 880 752 964 in
773 880 901 963 lipiqnm
923 947 929 960 ι
999 824 1104 929 Acoeti

209 972 222 1035 (
240 964 317 1021 'iteb.
331 960 409 1015 1579.
426 958 464 1027 8.)
489 976 515 1029 p.
527 958 571 1009 80.
592 964 620 1009 et
638 971 667 1007 ιιι
679 950 795 1023 Scrtptu
807 948 882 1023 publ.
898 946 987 1003 Vrteb.
1003 942 1039 999 T.
1053 942 1103 999 ΙΙΙ.

216 1030 319 1107 pm.

42 1202 47 1210 “
111 1190 291 1293 Epistola
305 1183 350 1260 de
364 1174 552 1257 Conventa
569 1174 841 1253 Rofisbonensi
852 1168 910 1245 od
920 1166 949 1243 Ι
956 1164 1043 1243 olto
1052 1192 1105 1239 ιι-

406 1309 500 1357 ιιιιιι
527 1272 816 1355 Caesarium.

112 1412 220 1505 Hinc
235 1426 299 1499 ubi
315 1419 471 1493 collectis
487 1416 638 1513 ducibus
655 1412 726 1483 iam
742 1408 871 1483 Caesar
885 1408 930 1479 ad
948 1402 1078 1479 lstrum

111 1532 164 1607 Et
178 1532 288 1602 iustas
299 1526 410 1613 leges,
435 1533 471 1590 et
485 1518 578 1610 pacis
593 1517 735 1585 foedera
751 1512 875 1593 sancit,

109 1632 162 1707 Et
177 1632 295 1703 studet
309 1620 466 1695 arbitriis
481 1617 603 1711 aequis
617 1618 737 1685 sedare
753 1612 938 1695 turnultus,

115 1730 234 1827 Opto,
258 1750 381 1805 senex,
405 1720 472 1793 tibi
490 1730 708 1811 perpetuam,
723 1712 934 1791 venerande,
949 1708 1109 1793 salutem,

114 1836 183 1909 Cui
198 1846 298 1925 pater
311 1823 470 1913 adsurgit
483 1820 602 1890 medio
615 1820 660 1887 de
676 1816 822 1887 sstrnsine
838 1810 1000 1897 Rhenus,

112 1938 160 2011 ln
174 1936 253 2027 ripa
267 1929 403 2025 quoties
417 1920 578 1994 coelestia
595 1920 688 1989 iussa
702 1930 900 1997 sonantem,

118 2038 406 2121 Tendentemque
420 2022 520 2095 audit
534 2032 719 2115 praecepta
734 2016 891 2089 salubria
905 2014 1009 2099 vitae,

32 2126 39 2133 ⁶
109 2136 328 2215 Errantesve
337 2126 365 2227 ¹)
380 2126 464 2219 polo
480 2122 602 2194 stellae
618 2144 687 2215 qua
703 2120 778 2211 lege
793 2129 977 2209 vagentur,

117 2242 287 2331 Quamque
302 2232 394 2301 vices
408 2224 526 2317 regnis
541 2223 756 2318 portendant
770 2220 861 2299 fata,
888 2220 1085 2301 docentem,

117 2338 173 2417 Ac
185 2334 374 2411 hominum
391 2342 512 2400 coetus
525 2328 569 2395 ad
584 2346 730 2403 munera
742 2322 835 2393 iusta
848 2331 1045 2403 vocantem,

110 2424 195 2517 ⁸Aut
208 2440 239 2511 si
255 2432 399 2531 qnando
414 2450 559 2513 mones,
583 2449 653 2521 qua
665 2447 786 2496 rerum
800 2418 964 2491 conditor
978 2430 1053 2491 arte

119 2538 297 2617 lndiilerit
312 2546 423 2606 certas
430 2526 462 2627 ²)
476 2528 589 2614 vires,
615 2540 647 2597 et
663 2525 798 2595 semina
810 2522 952 2615 plantis,

118 2646 194 2717 Nec
208 2662 308 2713 caeco
324 2658 407 2706 casu
420 2632 533 2701 moles
545 2623 632 2699 baec
648 2642 725 2699 orta
739 2637 894 2717 putetur,

120 2746 228 2819 Facta
243 2740 304 2812 sed
322 2732 455 2807 aeterni
470 2732 561 2801 mira
577 2728 717 2801 ratione
730 2726 897 2819 parentis,

119 2846 241 2941 thue
254 2837 442 2911 hominum
456 2854 567 2923 genus
583 2829 701 2901 autori
714 2852 818 2899 curae
831 2848 905 2897 esse
919 2824 1082 2911 sciamus,

121 2949 200 3021 Hac
214 2966 281 3037 ope
297 2939 360 3035 qui
372 2936 475 3006 iussit
490 2955 611 3004 saevos
627 2932 802 3024 depellere
816 2927 972 3012 morbos,

121 3048 171 3123 Et
186 3046 315 3119 celeres
331 3040 423 3109 vitae
438 3036 613 3125 fugientes
625 3044 792 3125 prorogat
811 3050 937 3113 annos,

121 3148 286 3225 simodo
305 3138 455 3215 donanti
469 3135 576 3207 fuerit
597 3158 696 3203 mens
710 3145 826 3223 grata,
851 3130 993 3223 fruique

121 3250 212 3325 Arte
227 3248 312 3319 sciet
329 3240 438 3314 tantis
453 3237 578 3321 donis,
602 3236 758 3327 luxuque
772 3234 893 3322 fugato

123 3356 217 3446 Lege
234 3349 432 3438 voluptates
445 3362 563 3430 regere
580 3337 768 3409 effrenare
782 3332 949 3405 studebit.

226 3482 277 3554 At
292 3477 435 3573 quando
451 3472 575 3542 recitas
588 3468 746 3559 exempla
762 3478 899 3536 vetusta
914 3463 1092 3547 iuventae,

127 3588 226 3677 Qum
242 3579 405 3652 dederint
420 3595 552 3664 poenas
564 3569 693 3663 polluti
707 3569 811 3638 caede
824 3563 1002 3661 Tyranni,

128 3688 227 3777 Quas
240 3682 347 3753 urbes
363 3691 398 3746 et
412 3696 500 3767 qnos
514 3692 611 3760 reges
626 3672 756 3739 incesta
773 3668 887 3735 libido

128 3770 293 3857 Vindicis
304 3781 358 3850 ira
374 3774 441 3847 Dei
454 3796 561 3867 quam
575 3794 648 3839 non
665 3768 846 3859 placabilis
862 3780 963 3855 urget

120 3882 350 3965 ¹Perdiderit,
375 3876 510 3949 Sibaris
525 3871 636 3943 veluti
653 3866 868 3962 Thebaeque
884 3879 1050 3936 nocentes

129 3990 274 4063 Deletae
286 3980 412 4054 subitis
426 3976 608 4070 perierunt
619 3972 781 4042 cladibus
795 3970 903 4039 olim:

130 4094 215 4165 Sive
233 4102 273 4159 ut
285 4084 426 4155 collisae
441 4075 578 4148 nterint
593 4074 759 4143 civilibus
773 4069 882 4141 armis

131 4192 281 4267 Artibus
297 4200 331 4255 et
343 4184 475 4251 virtute
489 4190 615 4269 potens
627 4176 713 4245 urbs
726 4172 861 4256 Attica,
886 4186 921 4241 et
938 4164 1046 4239 huius

130 4292 283 4367 Aemula
298 4281 462 4359 bellatrix
476 4278 638 4371 Spartae,
664 4278 750 4344 dum
765 4273 877 4364 gloria
895 4285 1072 4364 utranque

8 4434 13 4442 ·
133 4394 286 4467 Acribus
300 4384 436 4458 exacuit
449 4379 621 4463 stimulis,
645 4377 816 4468 regnique
830 4373 971 4462 cupido.

133 4498 218 4569 Sive
232 4507 272 4562 ut
284 4486 467 4561 Cliniades
481 4483 685 4552 inconstans
696 4479 838 4545 foedera
856 4496 958 4563 saepe

135 4594 330 4675 Turbarit,
352 4585 484 4679 patrias
501 4596 535 4653 et
550 4582 692 4652 tandem
707 4576 870 4648 everterit
883 4596 992 4659 arces,

134 4698 236 4791 Quas
252 4694 381 4765 iterum
396 4702 513 4758 tamen
529 4682 639 4754 erexit
655 4682 787 4749 virtute
800 4689 957 4767 receptas

135 4799 285 4880 Iustior,
309 4804 344 4863 et
359 4810 462 4859 veros
474 4784 623 4855 meritus
637 4776 873 4853 Thrasibulus
887 4772 1053 4848 honores.

137 4903 222 4975 Sive
237 4900 346 4968 duces
361 4892 457 4959 inter
469 4885 607 4981 quoties
621 4881 811 4955 certamina
825 4878 964 4952 Romae

139 4998 298 5075 Moverit
312 4990 481 5073 ambitio,
505 5001 541 5057 et
553 4998 667 5057 toturn
686 4980 902 5055 concusserit
917 4980 1053 5051 orbem·

175 5232 204 5297 1)
222 5212 625 5287 saraae.esesp1.pot.
644 5244 680 5257 -
695 5210 743 5267 aa
760 5209 790 5265 a
802 5207 895 5279 epigr.
909 5192 1114 5295 aasentias.

167 5318 201 5383 2)
218 5306 323 5378 Script.
338 5306 429 5359 sertis.

2067 132 2126 227 ill

1252 304 1357 377 Talia
1371 327 1573 397 proponens
1588 302 1681 375 vitae
1696 301 1886 374 simulacra
1902 304 2082 393 regendae,

1150 404 1238 481 Esse
1254 404 1371 477 Deum
1385 428 1581 488 memoras,
1606 404 1669 499 qui
1685 404 1804 476 reddit
1822 406 1984 497 praemia
2001 401 2102 491 iustis,

1151 508 1198 581 Et
1213 508 1383 579 scelerum
1399 530 1532 601 poenas
1545 521 1680 577 atroces
1695 505 1803 597 exigit
1816 506 1925 580 ultor.

1150 609 1385 703 Hortarisqne
1402 609 1502 703 sequi
1515 610 1610 680 bona
1624 632 1699 679 non
1714 608 1872 699 peritura
1886 606 2078 681 iuventam.

1252 741 1353 813 Felix
1368 740 1432 836 qui
1446 742 1574 813 studiis
1587 742 1743 814 traducis
1757 742 1891 813 talibus
1905 764 2045 825 aevum,

1153 844 1424 937 Multorumque
1440 845 1540 914 iuvas
1553 844 1683 931 vitam,
1707 866 1895 937 moresque
1908 844 2090 933 gubernas.

1154 946 1207 1017 Ac
1221 945 1333 1015 veluti
1349 943 1477 1015 Nestor
1492 946 1735 1041 populumque
1747 946 1926 1039 ducesque
1939 944 2086 1033 regebat,

1154 1046 1301 1117 Atridae
1315 1046 1473 1131 fuerant,
1504 1046 1567 1141 qui
1582 1046 1725 1117 classem
1742 1060 1775 1117 et
1789 1046 1889 1137 signa
1906 1046 2032 1115 secuti:

1154 1148 1214 1221 Sic
1228 1162 1285 1219 tua
1303 1148 1487 1219 doctorum
1504 1148 1655 1221 miratur
1668 1148 1777 1217 verba
1791 1146 1956 1231 Senatus,

1155 1248 1215 1321 Sic
1230 1264 1264 1320 et
1277 1251 1323 1319 ab
1339 1272 1400 1319 ore
1414 1263 1477 1320 tuo
1494 1249 1624 1341 pendet
1637 1248 1794 1320 studiosa
1808 1246 1989 1321 invent'us.

1256 1376 1292 1450 Ο
1308 1381 1442 1451 utinam
1457 1382 1577 1451 doctas
1591 1382 1715 1451 audire
1729 1394 1763 1451 et
1777 1381 1929 1451 reddere
1940 1404 2048 1451 uoces

1148 1480 1232 1554 'llos
1249 1482 1343 1552 inter
1355 1495 1473 1553 coetus
1488 1477 1593 1551 isthic
1609 1477 1700 1551 mihi
1715 1480 1798 1552 lane
1812 1482 1947 1556 liceret.

1156 1584 1199 1655 td
1213 1584 1318 1674 longe
1332 1584 1492 1670 mallem,
1518 1608 1624 1677 quam
1636 1608 1708 1677 quo
1721 1584 1814 1676 rapit
1829 1584 1987 1675 impetus
1999 1582 2094 1651 aulae

1156 1683 1361 1758 Conventus
1375 1682 1515 1775 Regum
1521 1680 1551 1780 ³)
1566 1685 1710 1771 sectari,
1733 1698 1768 1755 et
1782 1708 1954 1779 quaerere
1972 1682 2097 1755 frustra

1156 1784 1353 1859 Centauros
1368 1784 1480 1871 inter,
1505 1786 1566 1880 qui
1580 1785 1697 1875 legum
1713 1786 1855 1857 vincula
1870 1798 2060 1878 spernunt,

1158 1888 1256 1959 lnter
1271 1900 1305 1957 et
1320 1882 1478 1958 Autolici
1492 1888 1657 1957 callentes
1671 1886 1764 1958 furta
1782 1881 1988 1979 Sophistas,

1158 1988 1208 2061 Ut
1220 1989 1374 2059 lacerum
1386 1982 1521 2060 Christi
1535 2010 1682 2080 corpus,
1705 1988 1957 2083 discerptaque
1972 1988 2118 2059 membre

1158 2088 1305 2177 Sanari,
1330 2101 1366 2160 et
1379 2090 1506 2161 melius
1521 2090 1659 2183 possint
1673 2090 1868 2161 coalescere
1884 2112 2026 2161 cursus.

1243 2218 1326 2291 Heu
1334 2244 1441 2315 quarn
1449 2244 1552 2291 saeva
1561 2216 2136 2319 cientnohisbaccpraeliantriqse

1158 2319 1330 2395 Centauri
1342 2321 1489 2393 exitium
1504 2322 1614 2409 divis,
1637 2322 1806 2417 coeloque
1820 2324 2028 2399 minantur.

1160 2422 1231 2497 Sed
1246 2436 1385 2495 tentant
1398 2424 1558 2509 fraudes,
1577 2438 1614 2495 et
1630 2436 1789 2515 pugnant
1802 2438 1881 2495 arte
1895 2422 2095 2518 Sophistae,

1160 2524 1440 2617 Praestigiasque
1457 2524 1570 2595 oculis
1589 2525 1788 2619 animisque
1802 2526 2000 2599 oflundere
2015 2544 2134 2611 ιιιιιιι,

1162 2626 1275 2721 lnque
1290 2649 1402 2695 novos
1417 2639 1564 2697 vertunt
1580 2628 1744 2697 coelestia
1760 2626 1857 2699 dicta
1874 2624 2078 2707 cothurnos.

1153 2727 1301 2799 -Ηοιιιιιι
1318 2728 1390 2797 ἱιιιι
1405 2726 1525 2797 videas
1538 2727 1650 2812 odiis,
1673 2727 1876 2822 rabidoque
1887 2730 2016 2803 furore

1162 2828 1308 2901 Misceri
1322 2828 1492 2921 patriam,
1516 2828 1753 2923 scelerataque
1766 2830 1861 2901 bella
1879 2834 2035 2915 moveri,

1162 2929 1279 3003 Caede
1294 2930 1517 3001 sacerdotum
1531 2930 1739 3025 pollutaque
1750 2930 1886 3023 templa
1900 2924 2045 3025 piorum

1164 3032 1326 3116 Vastari,
1350 3046 1385 3103 et
1399 3031 1487 3101 tales
1500 3032 1610 3101 everti
1624 3056 1645 3101 a
1662 3032 1805 3103 sedibus
1817 3034 1942 3105 urbes.

1163 3132 1211 3204 Ni
1225 3130 1345 3219 Deus,
1366 3146 1409 3202 nt
1422 3144 1537 3203 servet
1550 3132 1732 3203 doctrinae
1747 3134 1886 3205 semina
1903 3160 2020 3224 verae,

1163 3234 1360 3305 Praecones
1372 3234 1463 3303 fidos
1475 3248 1630 3324 regeret,
1653 3247 1882 3329 mentemque
1895 3240 2052 3328 potentis

1166 3336 1341 3407 Flecteret
1355 3328 1507 3423 Augusti
1526 3335 1697 3427 placidam
1714 3338 1757 3405 ad
1775 3338 2027 3411 moderamina
2040 3344 2112 3413 tanti

1165 3437 1277 3509 Lenia
1292 3436 1448 3521 dissidii,
1473 3460 1514 3506 ac
1529 3436 1574 3506 ad
1589 3436 1699 3507 iustae
1715 3437 1812 3529 pacis
1827 3462 2005 3515 amorem.

1167 3537 1236 3609 Hic
1249 3550 1343 3609 vetet
1357 3536 1396 3605 in
1411 3538 1545 3627 patriae
1560 3538 1711 3627 grassari
1726 3540 1863 3609 viscera
1880 3542 1993 3625 cives,

1167 3638 1237 3711 Hic
1251 3639 1322 3709 aris
1338 3638 1434 3729 parci
1448 3641 1611 3723 mandat,
1636 3641 1798 3733 legesque
1811 3642 1946 3725 vereri,

1167 3739 1237 3811 Hic
1250 3734 1416 3831 prohibet
1430 3763 1596 3831 superum
1610 3739 1746 3835 lllystas
1761 3740 1941 3833 attingere
1955 3746 2062 3817 ferro.

1169 3842 1317 3931 Semper
1331 3855 1373 3913 ut
1387 3836 1473 3911 haec
1488 3839 1616 3911 Caesar
1633 3842 1738 3913 faciat
1752 3842 1992 3929 mitissimus,
2002 3848 2088 3941 ipsi,

1169 3942 1259 4013 Nate
1273 3940 1372 4026 Deo,
1397 3942 1608 4035 populisque
1623 3942 1693 4013 tuis
1707 3944 1897 4017 concedito
1911 3942 2068 4025 Christe.

1170 4043 1243 4115 Nec
1257 4046 1301 4113 de
1315 4057 1493 4113 conventu
1507 4043 1609 4135 plura
1623 4044 1821 4115 adiicienda
1837 4050 1971 4137 putavi

1172 4142 1214 4215 ln
1229 4169 1300 4238 quo
1315 4143 1543 4235 magnanimo
1561 4144 1687 4215 melius
1702 4144 1756 4213 nil
1770 4142 1929 4219 Caesare
1947 4150 2035 4223 vidi.
2159 4159 2160 4175 ¹

1273 4276 1334 4347 Tu
1347 4300 1450 4361 vero,
1469 4280 1671 4347 venerande
1685 4300 1810 4366 senex,
1837 4282 2017 4377 salveque
2029 4286 2148 4379 valeque

1173 4378 1290 4469 Quem
1308 4378 1386 4449 colo
1402 4374 1636 4449 Telemachus
1649 4378 1757 4449 coluit
1773 4402 1842 4451 een
1858 4380 2018 4457 Nestora
2030 4382 2148 4479 lietu.

1174 4478 1349 4550 Iustitiam
1364 4480 1459 4548 senis
1471 4480 1668 4565 admirans,
1693 4494 1728 4551 et
1742 4494 1893 4571 pectora
1908 4488 2020 4577 plena
2159 4483 2160 4512 ¹

1174 4580 1344 4665 Consilii,
1369 4593 1404 4650 et
1421 4580 1562 4669 linguae
1576 4581 1748 4653 facundae
1764 4584 1894 4657 dulcia
1906 4588 2055 4681 plectra.

1183 4802 1411 4823 m

1212 4954 1240 5023 S)
1258 4954 1358 5025 Script.
1372 4961 1399 5007 et
1413 4951 1504 5025 Epiqr.
1515 4950 1656 5019 Regnare.
