4522 5752
100 254 104 261 ,
155 190 239 267 219,
710 165 1150 261 aatsuosaauu
1205 170 1317 251 aaa.
1349 169 1453 249 vua
1504 168 1638 263 aaut.
2144 170 2220 271 ssa

164 368 250 440 dam
264 378 355 431 ame
371 348 575 445 languidius
584 342 616 445 ¹)
631 346 774 419 defensa
783 328 869 417 esse.
914 336 964 417 Et
977 342 1166 415 fateorms
1218 370 1296 419 uon
1310 346 1519 425 necessaria.
1554 343 1670 421 ,Duae
1696 366 1823 423 mosas
1842 344 2007 433 taam,
2039 342 2155 421 ὡς.
2174 346 2218 419 ὼ

167 462 343 564 quaedam
365 458 485 529 studio
500 451 596 547 pacis
609 463 645 523 et
664 446 893 535 concordiae,
925 469 1016 540 quae
1038 446 1169 538 dispo·
1219 448 1398 547 synodi„
1435 448 1548 523 ,ιω
1577 450 1623 519 d„
1646 446 1926 527 ,nummum
1986 444 2065 523 Μ
2090 446 2217 527 dubim

40 630 50 645 .
168 554 594 656 taridiutius³)poterant,
607 551 816 624 concessisse
825 547 1041 643 altariparti.
1066 546 1169 639 Quid
1221 552 1341 624 subire
1357 550 1492 623 iuditia
1512 552 1690 623 bonorum
1705 548 2124 627 etdoetorumvirurun
2144 562 2219 623 tato

172 672 219 745 ad
250 684 475 738 communem
505 655 733 729 concordiam
762 651 888 724 utilius
913 662 1043 737 esset,·
1060 674 1176 745 quam
1223 656 1309 725 orbe
1326 667 1514 725 terrarum.
1544 651 1637 743 Quis
1651 651 1747 723 euim
1766 676 1842 723 non
1858 652 2031 743 iutelligit
2044 664 2216 749 quanm

173 770 273 870 quod
302 766 349 837 de
380 760 568 836 autoritate
598 754 865 850 Episcopnrum
896 751 1170 846 respondimus?
1220 756 1421 850 periculum
1435 756 1481 828 sit
1499 752 1697 841 Ecclesiae,
1729 753 1761 825 si
1775 752 1955 827 tribuatur
1970 752 2149 851 Synodis,
2180 753 2217 825 id

172 873 257 947 Non
271 866 426 964 pugnari
446 865 491 935 de
513 862 558 933 iis
573 858 802 945 ceremoniis,
837 855 1028 951 dequibus
1049 849 1170 926 hacte-
1222 872 1294 947 est,
1318 872 1434 930 certae
1452 853 1642 929 homiuum
1666 854 1909 944 multitudini,
1933 856 2032 953 quod
2046 878 2167 927 errare
2183 868 2216 929 ct

174 988 244 1049 nus
270 967 436 1047 collocuti
463 986 602 1053 sumus,
643 985 725 1032 cum
748 973 870 1031 tamen
890 958 1064 1054 quaedam
1093 957 1172 1026 sine
1222 961 1296 1033 labi
1310 983 1386 1033 non
1399 960 1529 1052 possit,
1554 983 1636 1031 cum
1649 953 1828 1054 Propheta
1843 959 1956 1045 dicat,
1985 950 2214 1029 Maledictus

174 1074 274 1172 graui
295 1074 398 1145 causa
411 1067 665 1159 flagitarentur.
715 1060 787 1134 Sed
812 1060 851 1131 in
874 1059 1103 1134 contentione
1125 1061 1171 1129 de
1222 1061 1290 1164 qui
1307 1054 1458 1155 confidit
1483 1059 1523 1132 in
1546 1053 1719 1137 homine?
1775 1056 1867 1153 Quis
1889 1060 1996 1133 etiam
2022 1083 2108 1145 uon,
2121 1055 2214 1131 videt

156 1174 362 1255 'autoritate
379 1171 607 1267 synodorum
623 1179 664 1239 ut
681 1188 792 1236 essem
807 1162 943 1249 acrior,
976 1176 1011 1233 et
1025 1161 1172 1233 veritate
1221 1170 1335 1259 legem
1351 1168 1395 1236 de
1413 1164 1680 1235 enumeratione
1699 1163 1876 1257 peperisse
1890 1155 2087 1235 horribiles
2111 1160 2214 1233 dubi·

175 1296 212 1357 et
226 1277 370 1375 publica
386 1270 566 1346 Ecclesiae
582 1267 785 1340 necessitate
799 1265 979 1349 movebar.
1016 1258 1173 1335 Eaedem
1223 1269 1397 1353 tationes,
1422 1280 1457 1339 et
1476 1268 1664 1338 obscurare
1686 1264 1874 1351 fiduciam,
1897 1289 1968 1361 qua
1987 1276 2130 1337 menta
2142 1286 2213 1335 am

173 1408 232 1456 me
246 1402 369 1455 nusae
389 1386 597 1452 moverunt,
619 1383 679 1456 ut,
706 1393 787 1439 cum
806 1370 850 1438 de
873 1367 1011 1461 privata
1029 1366 1174 1438 ahsolu-
1222 1370 1329 1466 plecti
1350 1363 1485 1441 Christi
1514 1368 1724 1440 beneficium
1748 1366 1903 1441 ament?
1958 1364 2075 1461 Spero
2097 1367 2215 1437 druos

174 1488 273 1560 tione
285 1482 504 1553 moderatam
519 1488 555 1546 et
568 1474 694 1573 utilem
707 1469 917 1542 sententiam
928 1468 1174 1562 proposuisse·
1224 1487 1260 1545 et
1280 1475 1395 1545 bonos
1417 1471 1515 1543 viros
1535 1471 1670 1567 ubique
1699 1483 1873 1542 terrarum
1901 1467 2118 1563 probaturos
2144 1476 2213 1539 est'r

174 1611 275 1672 mus,
306 1597 425 1654 umen
445 1574 613 1652 Ecclesiis
633 1573 874 1645 necessitatem
894 1570 1173 1642 enumerationis
1224 1599 1343 1648 meum
1366 1574 1577 1660 consilium,
1610 1573 1706 1669 quod
1719 1572 1764 1645 de
1778 1566 1835 1644 bis
1850 1572 1958 1645 uncis
1979 1571 2089 1643 rebus
2101 1568 2215 1643 anim

176 1687 317 1782 imponi
344 1683 488 1755 nollem·
543 1676 614 1752 Hit
635 1675 798 1766 intelligo
821 1698 878 1744 ¹¹¹0
899 1671 1056 1745 actuari
1078 1672 1174 1765 apud
1225 1675 1412 1762 contendi,
1436 1700 1476 1747 ac
1491 1675 1750 1761 intellecturos,
1774 1698 1831 1745 me
1848 1674 1887 1743 in
1902 1666 1968 1746 hac
1988 1698 2028 1744 re
2042 1696 2119 1743 uon
2131 1670 2215 1741 alie-

174 1791 275 1867 caes
282 1778 427 1882 M.V.*)
443 1796 612 1876 tanquam
620 1779 751 1850 durum
762 1790 797 1848 et
805 1775 1032 1870 pertinacem.
1057 1768 1117 1861 Et,
1134 1787 1175 1846 ut
1225 1781 1282 1852 nis
1304 1779 1522 1865 adfectibus,
1553 1779 1615 1848 sed
1634 1774 1834 1849 necessitati
1849 1772 2029 1847 Ecclesiae
2042 1771 2214 1849 serviisse.

176 1893 303 1978 audio,
330 1886 549 1981 suspiciones
573 1894 695 1953 eontra
716 1903 775 1950 me
798 1902 841 1948 ex
862 1871 918 1948 his
941 1878 1055 1950 causis
1077 1889 1175 1947 ortae
1224 1880 1419 1955 Natarum
1440 1904 1518 1951 msa
1536 1880 1652 1953 studia
1674 1877 1798 1951 multi,
1813 1877 1852 1947 in
1868 1871 1938 1950 hoc
1951 1889 2152 1962 conventu,
2176 1898 2214 1946 ω

78 2082 82 2097 Ι
176 2009 272 2082 suut,
296 1990 394 2087 quod
411 1980 561 2082 fertur⁴)
586 2007 646 2054 me
661 2006 681 2053 a
694 1973 864 2052 Luthero
888 1973 1020 2051 habere
1040 1981 1176 2050 instru-
1225 1983 1413 2079 praecipue
1433 1981 1722 2055 collocutoribus.
1777 1976 1830 2051 lli
1848 1993 1953 2053 testes
1966 2002 2042 2051 esse
2056 1988 2214 2073 pomum,

176 2099 352 2181 ctionem,
388 2088 531 2162 incitari
561 2085 668 2157 etiam
695 2082 921 2155 sermonibus
957 2094 1175 2153 caeterorum
1225 2112 1283 2158 me
1301 2086 1430 2157 multas
1454 2083 1711 2157 controversias
1730 2085 1953 2157 moderatum
1978 2093 2105 2153 ascet
2122 2078 2213 2151 dire·

177 2199 490 2277 commodiorem,
539 2188 603 2283 qui
628 2188 782 2260 adsunt.¹
836 2180 1038 2271 Postremo,
1078 2184 1176 2279 quod
1225 2190 1341 2260 misse.
1374 2187 1445 2261 Sed
1459 2183 1626 2284 habeat‘)
1642 2210 1722 2257 suas
1736 2197 1845 2255 metas
1864 2182 2076 2256 moderatio.
2104 2179 2214 2253 Luce·

176 2326 234 2375 me
256 2300 347 2372 torte
360 2295 513 2386 Legatos
526 2289 689 2363 Gallicus
704 2289 878 2359 allocutus
895 2300 956 2359 est.
1001 2284 1093 2358 Cum
1111 2309 1177 2356 au·
1224 2282 1947 2384 atinttcclesiaveritas,qtaniliusDei
1962 2279 2215 2381 ex⁶)sinu1’a·

175 2419 250 2478 tem
263 2387 927 2489 mss31¹1⁰⁰pl²fimsl³ssl⁰pfisstlttli
958 2412 1034 2460 ¹10ss
1058 2388 1175 2459 tolum
1224 2394 1290 2467 tris
1305 2392 1448 2465 allatam
1462 2392 1635 2486 patefecit.
1673 2385 1892 2483 Accptarim
1906 2386 2005 2461 Caes.
2019 2383 2138 2463 MV.
2160 2384 2213 2455 in·

176 2502 336 2602 potentia
358 2500 421 2572 sed
441 2494 687 2587 multomagis
707 2488 848 2563 heroica
871 2489 1030 2561 bonitate
1055 2490 1177 2563 etele-
1226 2495 1416 2590 trospicere
1435 2518 1554 2566 meum
1575 2506 1715 2586 pectus,
1756 2503 1791 2562 et
1819 2491 1940 2562 ridere
1959 2488 2143 2571 animum,
2178 2499 2214 2557 ut

65 2676 71 2683 .
176 2604 312 2681 mentia
337 2599 542 2685 excellenti,
581 2610 617 2668 et
637 2593 795 2688 cupienti
818 2593 941 2663 iuvare
969 2588 1178 2678 Ecclesiam,
1225 2623 1308 2671 vere
1333 2597 1492 2668 iudicare
1512 2596 1622 2689 possit
1630 2590 1678 2692 ⁷),
1703 2593 1799 2688 quod
1816 2593 1863 2666 sit
1887 2616 2006 2664 meum
2017 2588 2213 2675 eonsilium,

178 2708 331 2783 maxime
352 2704 538 2797 probatam
561 2722 634 2771 esse
659 2722 774 2767 meam
800 2694 1038 2781 voluntatem,
1081 2694 1177 2766 iudi·
1227 2725 1317 2797 quae
1340 2701 1505 2771 voluntas
1531 2711 1585 2769 tot
1600 2697 1672 2768 iam
1685 2719 1799 2767 annos
1819 2695 1859 2765 in
1875 2690 1933 2765 his
1955 2689 2213 2766 conuoversiis.

178 2812 258 2887 cavi
270 2805 465 2880 necessario
479 2802 697 2896 suspiciones
713 2799 792 2871 illas
807 2798 1010 2868 refutandas
1025 2821 1115 2883 esse3
1142 2810 1178 2870 et
1226 2802 1338 2874 Volui
1362 2813 1479 2873 extare
1501 2799 1701 2872 doctrinam
1728 2822 1867 2884 veram,
1899 2795 2046 2891 proprie
2067 2792 2215 2889 explica»

178 2937 260 2987 ctam
284 2932 422 2983 somma
439 2904 635 2977 reverentia
661 2927 745 2988 oro,
776 2913 817 2972 ut
838 2895 932 2969 hanc
951 2924 1066 2970 meam
1089 2923 1178 2993 pur·
1226 2919 1319 2992 tam,
1352 2919 1505 2989 comm,
1542 2899 1722 2975 Ecclesiae
1744 2900 1881 2975 utilem,
1937 2895 2010 2970 Hic
2030 2896 2103 2969 fuis
2131 2888 2215 2967 mihi

179 3016 360 3109 tationem
373 3008 570 3103 simplicem
586 3019 621 3076 ei
638 3028 757 3075 veram
774 3000 873 3076 0³⁰³·
888 2998 943 3073 M·
960 2999 1005 3076 V·
1023 3001 1177 3070 clemen·
1227 3030 1365 3100 semper
1380 3007 1580 3080 studiorum
1595 3018 1629 3077 et
1643 3003 1823 3075 actionum
1836 3023 1973 3094 scopus,
1987 3012 2031 3072 ut
2040 2996 2157 3071 multa
2168 3008 2216 3067 tc·

180 3134 235 3191 ter
269 3113 427 3207 accipiat.
490 3106 693 3180 Verissimis
721 3103 935 3175 testimoniis
967 3102 1176 3173 confirmare
1227 3109 1393 3182 seimonis
1407 3108 1608 3181 ostendunt,
1647 3104 1769 3196 Quare
1782 3101 2145 3177 bonicomulendum
2158 3110 2216 3177 aa,

180 3242 337 3314 Possum,
353 3239 411 3286 ¹¹¹²
428 3202 632 3283 aluum
648 3208 747 3278 nulla
761 3205 927 3276 mandata
942 3199 1087 3290 habere,
1113 3203 1177 3299 qui
1227 3214 1258 3282 si
1272 3212 1488 3303 corruptelas
1510 3220 1626 3280 rectae
1642 3207 1824 3278 doctrinae
1847 3203 2008 3276 stabilire
2036 3217 2101 3276 aut
2118 3199 2217 3272 adiu·

180 3323 273 3417 ipse,
294 3319 325 3388 si
346 3318 392 3388 ad
408 3312 495 3387 haec
509 3313 649 3403 negotia
666 3306 917 3393 adhiberetur,
942 3307 1080 3378 facilius
1101 3307 1177 3377 for·
1226 3313 1507 3385 varenonvolo,
1557 3309 1680 3382 Tertia
1700 3309 1842 3404 querela
1865 3310 1910 3378 de
1932 3327 2124 3398 congressu
2140 3324 2218 3373 mm

181 3424 282 3498 tassis
305 3419 506 3491 ostenderet
525 3415 700 3487 rationem
732 3410 935 3481 sarciendae
957 3409 1178 3494 concordiae,
1228 3413 1535 3505 GallicoLegato,
1561 3414 1593 3484 si
1606 3433 1695 3506 quos
1708 3409 1836 3496 movit,
1861 3403 1901 3479 bi
1916 3406 2136 3501 me'prorsus
2147 3425 2218 3475 nou

182 3547 289 3620 quam
307 3522 467 3615 Plerique
481 3518 554 3589 alil·
603 3514 685 3588 Dux
706 3507 901 3583 Sathtl'at
915 3511 1091 3602 generalia
1107 3510 1178 3579 ml·
1226 3531 1372 3590 norunt.
1415 3515 1504 3589 Sum
1519 3510 1765 3599 scholasticus,
1788 3525 1824 3584 ct
1838 3511 1974 3583 alienus
1989 3509 2036 3580 ab
2051 3504 2219 3580 omuibus

182 3623 224 3698 hi
238 3624 402 3694 mandata
426 3622 541 3703 (ledii,
566 3642 611 3687 ΗΘ
634 3643 654 3686 ³
672 3616 765 3684 veris
781 3613 966 3684 sesslfflllis
980 3614 1176 3698 discedami
1229 3620 1352 3693 aulicis
1370 3618 1532 3708 negotiis,
1547 3630 1582 3687 et
1596 3618 1675 3688 colo
1688 3611 1913 3685 scholasticas
1928 3610 2116 3695 amicitias,
2132 3630 2220 3704 quae

182 3729 219 3798 id
235 3737 458 3820 praeceptum
472 3720 607 3814 alioqui
622 3718 768 3787 infixum
786 3738 860 3785 esse
873 3714 1042 3808 cuiusque
1057 3713 1177 3784 auimo
1228 3719 1319 3792 mihi
1340 3734 1423 3792 sunt
1442 3720 1548 3792 etiam
1571 3743 1651 3789 cum
1675 3716 1855 3814 aliquibus
1869 3713 2001 3799 Gallis,
2035 3724 2221 3807 propper„

183 3832 308 3909 debet,
351 3827 458 3898 ellam
481 3823 558 3893 ⁵5³²
582 3818 792 3911 Principum
817 3816 1005 3891 mandalis·
1068 3813 1177 3905 QUOd
1228 3826 1325 3920 quod
1348 3819 1418 3894 hoc
1440 3837 1598 3914 tempore
1614 3819 1764 3890 maxime
1784 3818 1887 3889 floret
1900 3813 2020 3887 Gallia
2038 3812 2221 3886 doctrinae

186 3946 305 4004 autem
333 3929 434 3999 dicor
466 3923 727 3996 communicare
753 3918 900 3988 consilia
927 3943 1007 3987 cum
1032 3916 1177 3988 caeteris
1227 3926 1366 4001 studiis,
1431 3920 1611 3995 Adiemnt
1637 3943 1721 4012 ergo
1749 3943 1806 3989 me
1835 3914 1896 3989 hic
1922 3940 2066 4013 quoque
2087 3914 2223 4010 aliquot

186 4029 499 4107 concionatoribus
513 4026 577 4120 qui
593 4027 742 4107 adsunt,
773 4015 1178 4113 fateormibiquosdam
1229 4021 1417 4123 studiosib
1435 4026 1683 4097 adolescentes,
1718 4019 1810 4094 Cum
1826 4010 2222 4115 hisloquordepffilo.

184 4135 377 4208 familiares
409 4155 499 4216 esse,
537 4127 598 4198 sed
618 4126 718 4196 viros
746 4146 869 4214 graves
902 4133 937 4192 et
966 4124 1179 4206 moderatos,
1229 4125 1652 4225 50ph53‚d2010quenfia,
1677 4112 2133 4218 suntefiamquimecumt
2167 4116 2221 4187 ῐῃ.

185 4238 419 4335 quibuscum
447 4231 628 4301 interdum
650 4228 836 4319 colloquor
856 4226 900 4294 de
922 4224 1094 4314 negotiis,
1122 4223 1180 4293 vel
1229 4235 1369 4304 terdum
1398 4234 1442 4302 de
1461 4230 1620 4300 doctrina
1635 4222 1837 4299 Christiana
1865 4245 2046 4295 sermones
2065 4220 2222 4291 miscent.

185 4353 228 4412 ut
249 4340 324 4431 ipse
346 4338 390 4408 de
406 4335 511 4405 rebus
528 4330 636 4403 tantis
650 4329 802 4417 cogitare
824 4326 1020 4397 accuratius
1036 4325 1180 4418 possim,
1230 4334 1299 4406 Per
1319 4329 1386 4404 h0,
1401 4333 1639 4403 adolescentes
1652 4329 1735 4399 veni
1750 4329 1789 4398 in
1803 4327 1968 4400 notitiam
1982 4323 2091 4415 legati
2107 4318 2221 4395 Gaui.

185 4442 244 4510 V²¹
258 4430 1004 4534 u²q⁰⁰ffl¹¹d³ffl⁵¹¹⁵Pi⁶l⁰¹¹ih¹¹⁵⁰⁰fflmms
1019 4451 1108 4520 quae
1122 4426 1180 4494 in.
1231 4437 1281 4523 ci,
1305 4436 1367 4531 qui
1381 4460 1438 4505 me
1454 4433 1563 4504 semel
1579 4445 1717 4505 tantum
1733 4430 1772 4500 in
1787 4429 1863 4510 via,
1885 4429 1977 4500 sorte
1990 4424 2221 4498 deambulan-

186 4542 328 4615 terdum
343 4541 511 4612 0r11¹¹¹111r
535 4559 576 4607 0¹
592 4533 742 4615 sabulis,
775 4554 865 4625 quae
880 4530 918 4598 3¹¹
935 4529 1067 4621 P⁰P1110
1081 4552 1181 4621 Spar·
1229 4553 1300 4610 tem
1319 4563 1398 4608 cum
1421 4535 1562 4612 Gallico
1579 4534 1816 4617 adolescente,
1844 4530 1965 4622 paucis
1988 4528 2110 4599 verbis
2131 4526 2222 4597 salu·

188 4658 338 4737 guntur,
370 4655 411 4714 11²
426 4641 514 4711 ⁸⁰¹&
528 4637 616 4710 fieri·
668 4634 742 4705 Nec
768 4645 886 4703 lamen
903 4632 1046 4702 lll⁰r¹1¹1¹
1070 4629 1181 4719 magis
1231 4641 1331 4725 tavit,
1347 4640 1517 4710 adficiens
1531 4638 1637 4709 etiam
1654 4659 1690 4705 se
1703 4649 1825 4727 optare
1841 4647 1882 4704 ut
1895 4630 2088 4701 concordia
2103 4623 2221 4698 Eccle-

188 4770 296 4844 quam
319 4767 398 4814 ¹⁰0⁰
422 4739 555 4815 iudicio
576 4738 668 4822 dlxi,
703 4749 737 4806 θῑ
756 4733 881 4827 80141)δὶ
902 4758 941 4804 0²
964 4756 1054 4826 (11¹3e
1075 4727 1181 4803 hle&
1231 4743 1302 4814 siae
1317 4743 1467 4814 feliciter
1480 4736 1539 4810 bic
1553 4738 1837 4820 constitueretur,
1855 4733 2129 4828 deploravitque
2143 4724 2222 4799 baec

187 4872 246 4919 me
270 4844 451 4940 proposita
472 4855 566 4915 sunt.
622 4839 696 4910 Nec
715 4836 872 4932 pugnavi
900 4859 1049 4931 usquam
1074 4835 1181 4905 dere

1236 4917 1453 4936 ψ

1266 5000 1296 5065 5)
1315 4999 1398 5055 Peuc.
1414 4998 1443 5052 in
1458 4994 1558 5056 libati.
1576 4996 1669 5048 babet.

224 5116 254 5185 2)
278 5114 364 5170 Peste.
384 5110 414 5165 iu
434 5108 483 5163 lib.
499 5106 534 5164 ll.
554 5113 581 5160 et
592 5104 656 5159 Per.
668 5103 829 5171 annitius
841 5117 933 5166 ame,
954 5099 1007 5156 boe
1019 5097 1080 5152 ard.
1266 5088 1294 5155 6)
1312 5085 1396 5139 Peuc.
1412 5081 1441 5135 in
1456 5080 1505 5135 lib.
1517 5077 1553 5133 ll.
1568 5099 1584 5133 e
1601 5097 1651 5151 pro
1669 5094 1716 5131 ex.

222 5198 252 5268 8)
271 5199 354 5254 Peuc.
372 5196 403 5252 in
419 5193 466 5252 lib.
480 5191 514 5249 ll.
527 5199 554 5246 et
567 5189 632 5244 Pes.
644 5190 743 5241 durius
755 5204 806 5257 pro
820 5184 937 5239 diutius.
1268 5173 1296 5242 7)
1313 5170 1396 5225 Prae.
1409 5167 1437 5222 in
1451 5165 1499 5221 lib.
1514 5164 1549 5219 ll.
1564 5174 1668 5231 posset.
1759 5208 1767 5227 ,

223 5286 254 5353 ¹⁸¹)
276 5286 342 5340 Per.
357 5293 439 5338 tuam
453 5298 506 5353 pro
525 5276 576 5345 ἧς
593 5293 626 5332 re
637 5273 761 5330 similiter
770 5283 873 5346 postea.
1268 5255 1297 5325 Β)
1314 5251 1439 5309 Petraia
1453 5248 1500 5304 lib.
1515 5248 1549 5302 ll.
1566 5246 1688 5301 studiosi
1697 5247 1814 5315 pateam
1826 5260 1876 5317 pro
1891 5244 1998 5312 aliquot
2009 5248 2140 5301 ganamt,

206 5365 239 5429 4)
255 5366 343 5424 Peter.
358 5366 389 5418 ia
401 5362 453 5418 lia.
466 5362 505 5419 ΙΙ,
520 5370 548 5418 et
562 5359 627 5418 Ρη.
635 5356 753 5431 suunt.
1268 5342 1295 5412 9)
1318 5357 1426 5394 mecum
1437 5356 1495 5393 om.
1511 5334 1594 5389 Pcue.
1608 5332 1637 5387 ia
1652 5331 1751 5390 Select.
1766 5349 1827 5404 epp.
1840 5338 1866 5385 st
1877 5327 1941 5384 aa.
