4522 5752
113 212 188 289 aot
526 197 531 204 '
674 203 1117 337 uersrouartum
1166 214 1272 289 mn.
1304 216 1404 292 vm.
1459 215 1588 292 1541.
2075 217 2154 291 sos

112 389 285 471 convenit
298 385 386 460 tales
400 388 590 479 diligenter
602 387 810 477 adhortari,
827 405 868 462 ut
883 392 927 460 iis
940 387 981 484 ¹³)
1004 355 1112 461 dubi·
1165 389 1348 460 doctrinae
1369 412 1409 458 ac
1434 401 1751 470 sacramentorum,
1786 389 1979 457 secundum
2004 382 2153 459 catholi-

111 488 312 572 tationibus
337 480 589 581 promissiones
610 488 745 564 Christi
768 493 908 563 fortiter
920 486 1112 585 ,opponant
1164 515 1259 576 cam,
1284 485 1516 561 orthodoxam
1532 503 1566 560 et
1579 485 1822 581 Apostolicam
1836 489 2045 575 doctrinam.

113 603 150 660 et
171 592 296 683 augeri
316 591 505 661 sibi-fidem
529 594 662 664 sedulis
677 595 839 686 precibus
858 607 978 688 orent,
1014 595 1110 664 iuxta

1265 622 1307 693 In
1330 619 1400 694 hoc
1424 637 1525 694 coetu
1550 623 1751 715 quicunque
1773 621 1812 690 in
1834 621 1970 692 unitate
1990 645 2093 692 verae
2116 646 2156 693 ac

113 692 225 780 illud,
248 689 398 783 Adauge
412 693 516 763 nobis
534 692 688 766 Domine
703 693 820 769 fidem.

1162 725 1264 794 vivae
1282 725 1364 795 fidei
1380 748 1446 817 per
1464 724 1644 795 caritatem
1660 723 1828 809 efficacis,
1858 725 1925 794 sub
1946 748 2020 793 uno
2043 724 2157 816 capite

209 820 446 898 Christiano¹
450 822 632 922 )cuique
653 829 766 899 debet
781 852 854 899 esse
882 841 1112 920 compertum,
1162 822 1315 909 Christi,
1341 840 1375 898 et
1389 825 1717 896 subministratione
1732 822 2010 914 Spiritussancti
2030 821 2184 941 cohae-

113 951 190 1000 non
213 928 253 997 in
266 921 335 997 hoc
349 928 467 999 datam
484 951 557 998 esse
580 930 682 1001 nobis
698 926 791 1001 hanc
805 928 954 1021 gratiam
970 944 1005 1001 et
1019 924 1112 999 hanc
1162 942 1260 1014 rent,
1294 941 1330 999 ct
1352 928 1483 998 eisdem
1506 925 1729 998 sacramentis
1752 925 1983 1018 sprrrtualrter
1996 952 2157 997 commu

114 1029 420 1121 regenerationem
440 1024 496 1123 ¹⁸),
543 1045 584 1100 ut
606 1030 644 1100 in
666 1057 707 1101 eo
733 1034 844 1122 gradu
869 1031 1112 1102 innovationis
1162 1029 1302 1115 nicant,
1333 1024 1373 1098 hi
1397 1030 1463 1098 soli
1481 1054 1557 1099 eam
1579 1024 1774 1099 Ecclesiam
1797 1028 2037 1114 constituunt,
2067 1052 2157 1123 quae

114 1144 278 1217 nostrae,
309 1155 413 1225 quem
432 1131 588 1223 primum
614 1133 709 1204 nacti
731 1157 870 1217 sumus,
902 1132 1008 1203 otiosi
1026 1156 1112 1204 con·
1162 1083 1319 1201 aPaulo
1340 1132 1513 1223 templum
1533 1143 1693 1200 sanctum
1716 1142 1751 1198 et
1771 1130 1896 1198 domus
1911 1126 1997 1214 Der,
2030 1153 2158 1222 corpus

114 1233 300 1318 sistamus,
324 1234 386 1300 sed
404 1256 599 1303 crescamus
614 1235 653 1303 in
669 1235 784 1327 ipsum
800 1259 864 1326 per
877 1235 1016 1321 omnia,
1048 1233 1111 1329 qui
1162 1227 1315 1318 Christi,
1341 1228 1532 1303 1Corinth.
1547 1235 1582 1306 6.
1607 1225 1766 1323 Ερ1ιο.2.
1786 1241 1820 1300 et
1836 1227 1873 1304 4.
1899 1229 2049 1302 1Timo.
2066 1232 2156 1327 &9¹

115 1347 299 1427 estcaput.
352 1330 509 1429 Ideoque
532 1337 713 1406 docendus
729 1349 781 1407 est
795 1337 968 1428 populus,
999 1350 1041 1406 ut
1052 1338 1112 1407 det
1163 1358 1183 1403 a
1206 1330 1367 1429 Iohanne
1388 1335 1511 1405 civitas
1541 1346 1660 1403 sancta
1679 1330 1870 1421 Ierusalem
1898 1333 2113 1403 descendens
2136 1358 2156 1400 e

113 1460 259 1529 operam
276 1431 360 1505 huic
377 1450 584 1527 augmento,
609 1440 705 1532 quod
724 1439 866 1533 quidem
883 1438 922 1508 lit
938 1439 1111 1529 perbona
1163 1435 1288 1522 coelis,
1321 1449 1520 1507 constructa
1535 1431 1577 1532 ¹⁷)
1593 1434 1685 1504 vivis
1700 1431 1901 1526 lapidibus,
1930 1429 2077 1527 Apocal.
2095 1436 2157 1506 22.

114 1562 242 1630 opera,
273 1551 309 1608 et
334 1537 475 1608 interna
497 1551 532 1608 et
555 1554 714 1624 externa,
749 1537 867 1609 aDeo
889 1541 1055 1612 mandata
1078 1552 1112 1609 et
1163 1537 1309 1608 dicitur:
1343 1533 1403 1607 hic
1428 1551 1480 1606 est
1498 1536 1652 1630 populus
1666 1533 1734 1606 Dei
1751 1547 1910 1615 sanctus,
1945 1539 2157 1608 emundatus

112 1641 379 1722 sommendata,
411 1641 540 1734 quibus
554 1637 650 1711 Deus
666 1639 830 1732 promisit
844 1656 990 1734 propter
1004 1636 1112 1710 Chri·
1163 1639 1208 1708 ab
1224 1639 1323 1708 omni
1335 1639 1544 1731 iniquitate,
1565 1637 1790 1728 acceptabilis
1805 1634 1901 1722 Deo,
1926 1651 2075 1709 sectator
2090 1640 2156 1708 ho·

113 1755 209 1814 stum
223 1741 263 1810 in
279 1740 442 1832 pluribus
456 1742 544 1810 locis
560 1741 749 1832 Evangelii
768 1744 859 1813 clare
877 1756 912 1813 et
926 1742 1111 1812 manifeste
1162 1763 1291 1809 norum
1317 1764 1484 1833 operum,
1517 1741 1561 1809 ad
1578 1738 1652 1812 Tit.
1666 1741 1702 1812 2.
1737 1735 1810 1827 Qui
1826 1739 2012 1828 allegorice
2031 1736 2157 1810 hortus

112 1843 342 1927 mercedem,
365 1844 460 1912 bona
483 1856 553 1913 tam
575 1845 733 1936 corporis
757 1868 863 1937 quam
883 1844 1045 1936 spiritus,
1072 1844 1111 1911 in
1163 1841 1366 1926 conclusus,
1392 1843 1548 1931 signatus
1561 1842 1658 1926 fons
1673 1853 1810 1931 puteus
1823 1862 1934 1934 aquae
1948 1842 2067 1926 vivae
2092 1865 2156 1934 pa·
2235 1886 2245 1924 ·.

113 1940 183 2016 hac
196 1945 292 2029 vrta
317 1957 423 2035 prout
439 1945 581 2014 drvrnae
601 1945 895 2039 provrdentrae
860 1969 977 2015 vrsum
992 1945 1111 2025 fuerrt
1162 1943 1300 2012 radisus
1324 1964 1403 2012 cum
1423 1945 1541 2013 fructu
1557 1965 1762 2034 pomorum
1794 1940 1834 2008 in
1858 1942 2041 2033 scripturis
2053 1966 2156 2035 prae

112 2058 149 2117 'et
171 2058 255 2138 post
280 1998 376 2115 hanc
398 2046 506 2116 vitam
531 2047 570 2114 in
595 2048 711 2117 coelis.
772 2045 926 2166 Ideoque
951 2047 1112 2140 quamvis
1163 2045 1322 2134 signatus
1338 2057 1400 2114 est.
1450 2042 1548 2114 Haec
1563 2058 1615 2113 est
1631 2039 1858 2113 illaEcclesia
1876 2044 2068 2116 electorum
2078 2042 2158 2129 Dei,

114 2141 417 2218 heeredrtasvrtae
431 2163 593 2225 aeternae
607 2163 752 2240 propter
764 2172 1033 2240 promissionem
1049 2149 1113 2218 de·
1164 2146 1300 2215 occulta
1317 2145 1438 2230 nobis,
1463 2146 1602 2234 cognita
1617 2163 1701 2214 vero
1716 2144 1784 2214 soli
1792 2139 1834 2239 ²⁸)
1850 2142 1946 2230 Deo,
1967 2146 2157 2216 sicutscri

112 2250 243 2319 beatur
256 2248 401 2334 renaus
415 2249 520 2319 etram
534 2274 614 2320 cum
629 2251 785 2342 ριίιιιιιιιι
801 2246 990 2320 mChrrsto
999 2249 1112 2319 renati
1163 2260 1263 2339 ptum
1279 2262 1342 2334 cst,
1367 2199 1636 2337 coghovitDeus
1653 2246 1811 2341 quisunt
1825 2269 1920 2331 erus
1944 2246 2155 2320 aTimoms

111 2362 210 2435 sunt,
223 2345 462 2421 mhrlomrnus
473 2349 697 2422 reddrtDeus
711 2352 815 2422 etiam
826 2351 932 2422 boms
945 2350 1113 2445 operibus
1164 2347 1206 2417 ln
1222 2373 1290 2449 qua
1308 2349 1558 2468 inpraesentia
1573 2356 1675 2434 sunt,
1707 2348 1909 2442 quicunque
1924 2347 2006 2417 fidei
2022 2361 2057 2418 et
2072 2344 2157 2419 cha-

111 2453 334 2537 mercedem,
374 2477 448 2522 ιιοιι
473 2455 666 2523 secundum
688 2451 921 2523 substantiam
952 2476 1111 2572 operum,
1163 2450 1276 2520 citatis
1301 2449 1465 2542 spiritum
1482 2475 1556 2520 non
1581 2451 1767 2534 amittunt,
1800 2447 1943 2524 chfltl
1978 2446 2057 2519 Etsi
2082 2474 2154 2519 nou

115 2577 233 2648 neque
241 2555 435 2624 secundum
444 2557 539 2649 quod
556 2567 640 2624 sunt
656 2556 806 2640 anobis,
824 2557 882 2624 sed
893 2553 1112 2674 quatenusin
1163 2552 1295 2642 pariter
1309 2576 1431 2622 omnes
1450 2555 1597 2622 eandem
1620 2551 1765 2641 spiritus
1781 2551 2031 2641 perfectionem
2047 2553 2189 2643 porti

112 2656 184 2726 fide
202 2655 310 2741 liunt,
337 2658 376 2725 et
385 2671 500 2726 sunta
518 2655 657 2746 Spiritu
676 2671 818 2744 sancto,
842 2682 906 2750 qur
893 2651 1083 2727 habitat
1072 2679 1110 2724 ιιι
1163 2654 1298 2745 cipent,
1329 2651 1436 2728 Rom.
1454 2650 1588 2728 12.14.
1608 2649 1666 2728 15.
1699 2646 1865 2744 Ephe.4.
1901 2649 1944 2721 ln
1962 2677 2032 2747 qua
2049 2654 2156 2724 etiam
2229 2738 2232 2743 Ι

112 2757 221 2828 nobis
243 2771 475 2829 concurrente
498 2758 612 2828 libero
636 2759 803 2845 arbitrio,
838 2772 1005 2850 tanquam
1028 2781 1110 2851 par·
1163 2756 1189 2823 ii
1208 2769 1413 2842 censentur,
1441 2755 1506 2826 etsi
1523 2779 1598 2825 non
1617 2752 1887 2845 inpraesentia,
1913 2756 2187 2845 praedestina·

70 2892 72 2896 >
113 2859 193 2931 tiali
208 2870 343 2949 agente.
437 2899 441 2907 ·
1163 2855 1260 2927 tione
1282 2870 1399 2927 tamen
1422 2854 1508 2941 Dei,
1550 2877 1640 2951 quos
1670 2855 1730 2924 ille
1761 2859 2019 2927 convertendos
2044 2858 2156 2941 novit,

114 3034 121 3043 ·
214 2987 263 3061 Et
279 2991 432 3083 amplior
448 3005 482 3060 et
500 2993 615 3061 maior
627 2993 775 3063 felicitas
792 2992 859 3061 erit
872 3017 1014 3078 eorum,
1048 2994 1109 3085 qui

112 3093 249 3163 maiora
272 3105 308 3162 et
321 3094 424 3183 plura
440 3117 546 3184 opera
568 3094 744 3178 fecerunt,
776 3108 921 3186 propter
940 3117 1111 3184 augmen-

112 3210 193 3267 tum
205 3194 288 3262 fidei
304 3207 340 3264 ct
354 3189 551 3280 charitatis,
578 3197 615 3263 in
633 3221 701 3290 qua
718 3209 904 3266 creverunt
924 3192 1110 3268 huiusmo-

96 3297 154 3366 di
173 3295 360 3370 exercitiis.

216 3426 290 3516 Qui
306 3442 422 3498 antem
436 3429 560 3499 dicunt
576 3425 660 3499 sola
672 3423 755 3520 fide
768 3425 1033 3522 iustificamur,
1060 3435 1110 3503 si-

112 3531 191 3617 mpl
211 3531 352 3599 tradere
373 3530 501 3599 debent
517 3531 716 3601 doctrinam
735 3533 779 3600 de
801 3535 1040 3624 poenitentia,
1065 3537 1109 3604 de

110 3632 241 3706 timore
254 3628 344 3716 Dei,
370 3632 413 3699 de
427 3631 487 3701 iud
493 3632 559 3702 icio
574 3630 662 3715 Dei,
688 3634 732 3702 de
747 3633 852 3703 honis
866 3636 1043 3726 operibus,
1069 3650 1109 3706 ut

111 3747 185 3805 tota
206 3756 343 3803 summa
359 3733 633 3823 praedicationis
655 3749 807 3820 constet,
839 3737 930 3806 sicut
946 3734 1109 3809 Christus

102 3835 250 3929 inquit,
283 3833 524 3926 praedicantes
540 3837 796 3927 poenitentiam
814 3851 848 3908 et
862 3840 1107 3909 remissionem

108 3950 336 4031 peccatorum
354 3936 393 4004 in
414 3936 561 4006 nomine
576 3962 673 4022 meo,
703 3938 812 4032 idque
825 3964 871 4009 ne
887 3936 973 4011 haec
988 3936 1030 4038 ¹⁸)
1053 3943 1108 4012 lo-

109 4037 247 4134 quendi
260 4037 414 4108 formula
428 4038 531 4108 aliter
546 4063 652 4132 quam
668 4041 887 4131 praedictum
903 4056 955 4112 est
973 4043 1106 4115 intelli-

107 4154 223 4231 gatur.

575 4307 638 4381 VI.

209 4454 267 4519 De
279 4453 439 4531 ecclesio,
466 4463 499 4514 et
511 4453 606 4519 illius
626 4459 796 4535 signiaco
816 4461 1009 4522 autoritate.

209 4585 369 4658 Ecclesia
386 4604 437 4661 est
454 4605 573 4661 coetus
593 4616 655 4662 seu
676 4596 901 4684 congregatiq
920 4592 1105 4668 hominum

104 4691 271 4762 omnium
285 4692 444 4761 locorum
462 4706 496 4762 et
512 4707 728 4785 temporum,
759 4697 821 4790 qui
837 4698 952 4768 vocati
968 4701 1105 4770 suntin

104 4792 398 4863 communionem
416 4794 643 4884 professionis
659 4796 767 4866 unius
776 4797 1002 4892 eiusdemque
1013 4802 1106 4888 fidei,

143 5123 188 5183 13)
209 5121 279 5178 Cod.
293 5125 348 5178 tris.

143 5209 188 5278 14)
206 5207 275 5260 Met.
290 5207 366 5262 Item
378 5208 547 5262 Contione».

140 5296 186 5360 15)
205 5292 273 5347 Bne.
289 5303 316 5348 et
328 5291 394 5349 Eat.
406 5298 626 5361 generationem,

140 5380 187 5450 16)
205 5378 276 5434 Buc.
290 5387 317 5433 et
330 5375 396 5467 Eoi.
409 5379 471 5432 boo.

1163 2959 1227 3029 etsi
1240 2958 1345 3028 nobis
1366 2958 1452 3027 foris
1470 2981 1542 3028 esse
1558 2958 1763 3042 videantur,
1795 2958 2091 3053 quemadmodum
2109 2957 2154 3028 D.

1162 3056 1383 3151 Augustinus
1407 3063 1451 3129 de
1466 3058 1647 3151 Baptismo
1674 3071 1796 3129 contra
1818 3048 2021 3130 Donatistas
2042 3060 2104 3132 lib.
2119 3059 2168 3186 5

1162 3186 1236 3253 cap.
1253 3163 1314 3232 27.
1334 3163 1446 3234 docet.

1261 3293 1401 3366 Deinde
1414 3306 1498 3365 sunt
1511 3293 1550 3365 iu
1564 3289 1632 3363 hoc
1648 3309 1767 3376 coetu,
1804 3298 1901 3388 quod
1917 3297 1961 3365 ad
1976 3308 2156 3365 externam

1161 3394 1363 3468 societatem
1384 3396 1531 3479 attinet,
1572 3395 1678 3490 etiam
1700 3396 1786 3465 mali
1810 3410 1951 3467 aeterno
1979 3396 2152 3489 supplicio

1162 3499 1343 3579 destinati,
1377 3497 1547 3591 quamdiu
1567 3497 1658 3566 vivis
1680 3498 1865 3582 membris,
1899 3499 1929 3567 si
1952 3523 2027 3568 non
2048 3497 2154 3590 spiri-

1160 3601 1315 3682 tualiter,
1342 3600 1572 3692 corporaliter
1585 3611 1713 3684 tamen,
1736 3594 1882 3684 honest,
1906 3600 2056 3670 externis
2070 3601 2153 3670 fidei

1148 3703 1349 3792 signaculis
1373 3714 1408 3771 et
1427 3701 1630 3771 visibilibus
1643 3701 1783 3791 pietatis
1801 3703 2045 3788 sacramentis,
2077 3702 2154 3773 vel-

1160 3805 1213 3874 uti
1236 3805 1334 3895 palea
1359 3804 1556 3888 frumento,
1588 3803 1770 3873 coniuncti
1790 3817 1891 3888 sunt,
1923 3799 2053 3879 Matth.
2067 3805 2103 3877 5.
2119 3819 2155 3874 et

1161 3906 1219 3976 13.
1247 3908 1398 3976 formam
1423 3906 1566 3998 quidem
1584 3903 1723 3995 pietatis
1741 3897 1928 3988 hahentes,
1962 3908 2023 3974 sed
2039 3907 2156 3995 virtu7

1159 4021 1229 4077 tem
1245 4007 1321 4077 eius
1342 4009 1563 4096 abnegantes.
1597 4000 1794 4079 1Timoth.
1818 4006 1853 4075 3.
1895 4003 1967 4095 Qui
1990 4009 2035 4075 ab
2046 4000 2160 4098 ‘Apo-¹

1159 4110 1249 4179 stolo
1266 4111 1377 4178 donec
1393 4120 1598 4200 separentur
1616 4129 1678 4176 seu
1693 4107 1946 4176 abscindantur
1961 4132 1981 4178 a
1996 4132 2152 4199 corpore,

1158 4212 1255 4282 intus
1270 4233 1342 4279 esse
1359 4210 1547 4294 dicuntur,
1580 4208 1599 4278 1
1618 4203 1781 4282 Corinth.
1796 4205 1833 4283 5.
1868 4208 2000 4280 Tollite
2016 4211 2156 4280 malum·

1091 4337 1095 4344 ·
1158 4313 1293 4384 evobis
1307 4326 1371 4385 etc.
1401 4396 1404 4399 ‚

1257 4443 1327 4515 llic
1347 4467 1429 4533 ergo
1453 4458 1572 4514 coetus
1586 4434 1697 4513 'unius
1716 4443 1848 4514 scilicet
1868 4443 2097 4535 professionis
2116 4460 2150 4514 et

1157 4547 1360 4637 signorum,
1385 4540 1538 4631 habens,
1570 4545 1655 4614 dum
1672 4539 1731 4613 hic
1746 4545 1899 4631 vivitur,
1927 4546 2059 4616 multos
2074 4568 2146 4615 ma·
2175 4614 2185 4627 ,

1156 4649 1211 4718 los
1233 4661 1267 4718 et
1290 4645 1504 4766 Hypocritas
1527 4646 1717 4731 admixtos,
1751 4657 1819 4732 est,
1853 4670 1914 4717 ceu
1939 4669 2065 4737 magna
2085 4649 2150 4716 ‹lo-

1156 4773 1254 4835 mus,
1288 4749 1326 4817 in
1342 4773 1410 4841 qua
1426 4771 1501 4816 non
1522 4747 1636 4817 solum
1652 4761 1736 4819 sunt
1750 4771 1831 4818 vasa
1853 4772 1957 4818 aurea
1975 4764 2009 4821 et
2024 4773 2151 4840 argen-

1156 4865 1231 4937 tea,
1256 4852 1315 4920 sed
1332 4864 1366 4920 et
1378 4850 1494 4940 lignea
1510 4862 1545 4918 et
1558 4849 1691 4936 fictilia,
1717 4863 1752 4919 et
1768 4851 1939 4949 quaedam
1955 4850 2121 4943 quidem
2111 4874 2149 4918 ιιι

1155 4948 1349 5036 honorem,
1378 4954 1550 5045 quaedam
1564 4965 1680 5022 autem
1696 4951 1734 5021 in
1751 4922 2020 5036 contumeliam,
2048 4949 2148 5022 2Τί-

1156 5050 1269 5129 moth.
1276 5057 1313 5128 2.
1339 5007 1535 5123 invisibilis
1552 5053 1896 5146 quidemsecundum
1908 5076 1984 5121 cam
1999 5067 2150 5171 partem,

1190 5304 1237 5371 17)
1254 5304 1338 5360 Pouc.
1352 5305 1499 5359 mendoset
1523 5311 1688 5358 constructe.

1191 5388 1235 5456 18)
1251 5389 1306 5444 eoo·
1314 5387 1411 5444 excidit
1424 5387 1495 5460 apud
1509 5387 1577 5442 Boc.
1590 5395 1616 5440 et
1629 5384 1695 5441 Eeb.
