4522 5752
109 244 188 325 sss
677 248 1119 333 srrsrosanuu
1168 252 1279 333 sus
1301 247 1413 333 uun
1441 212 1598 331 soca
2078 224 2156 335 ass

111 408 340 493 Clarissimo
358 421 453 506 viro,
477 418 534 495 D.
548 418 600 503 N
599 422 618 495 ι’
624 420 759 499 colo-o
779 420 842 499 M
846 420 922 497 cdl
928 448 1020 508 cro,
1035 442 1112 497 -su-
1159 450 1229 521 qiu
1251 429 1351 519 a'pud
1368 421 1640 521 Mogunlinum
1662 417 1955 500 etGuitialmum
1974 424 2153 499 Bavarum

111 546 196 594 cras
212 518 447 620 Theologiac
465 522 628 599 Ductori
644 527 783 601 mimia
801 523 1110 626 Epeiropolll'ca·
1158 524 1311 601 haereat.
1359 528 1508 625 Reliqui
1516 528 1700 621 Principes
1715 529 1792 603 cius
1807 530 1999 602 amicitiam
2017 546 2155 601 summe

108 623 303 721 politano,
333 622 477 727 hospiti
491 642 561 701 suo
574 626 690 725 ‚longe
706 624 1109 703 marusimoSalulsm
1157 631 1301 722 lugiunt
1315 644 1350 704 ει
1365 645 1590 723 aversantur,
1615 632 1673 703 sni
1687 632 1825 703 ordinis
1839 632 1959 707 etiam.
2031 650 2034 655 ·
2153 662 2157 669 ·

469 755 536 830 W
547 724 753 805 Ch'ismm·
1259 760 1402 832 Bellum
1410 757 1449 832 Τ
1448 758 1605 832 ursitum
1619 762 1658 830 in
1669 760 1857 833 Pannonia
1867 756 1913 833 F
1907 756 2153 833 ordinandum

110 850 386 947 [inmanissime
403 863 548 941 Ductor.
599 866 682 939 Non
700 870 845 965 dubito,
872 871 991 943 literas
1014 896 1110 944 meas
1159 856 1427 951 domiretinet„
1452 865 1501 935 ita
1524 876 1565 936 ut
1587 867 1632 935 ad
1653 866 1795 936 comitia
1805 859 1835 962 ⁷)
1851 890 1925 936 non
1941 866 1988 936 sit
2003 887 2154 958 perven-

111 968 158 1037 ad
181 983 216 1039 te
235 968 445 1059 iampridem
457 970 675 1062 pervenisse,
708 996 794 1065 quas
809 995 873 1064 per
885 975 1108 1059 veredarium
1159 980 1271 1038 turus.
1329 965 1399 1038 Hic
1423 966 1584 1060 quotidie
1605 967 1737 1037 milites
1759 968 1876 1038 omnis
1898 967 2036 1057 generis
2065 965 2153 1035 scri·

111 1064 288 1141 Electoris
304 1068 477 1157 Saxoniae
498 1067 558 1141 hic
578 1073 726 1166 scriptas
738 1070 895 1165 D'orgam
919 1076 1109 1165 transmisi,
1159 1071 1313 1155 buntur,
1347 1083 1382 1140 et
1404 1093 1465 1161 per
1480 1066 1688 1139 Danubium
1709 1070 1748 1137 in
1764 1067 1946 1141 Austriam
1968 1068 2154 1139 traiiciun-

112 1194 154 1240 ex
178 1172 310 1265 quibus
331 1172 572 1263 proculdubio¹
589 1187 718 1245 statum
741 1172 979 1247 Comitiorum
1002 1180 1109 1250 intel·
1159 1185 1237 1256 tur,
1267 1172 1334 1241 sub
1348 1164 1596 1241 Ferdt'naudo
1616 1182 1737 1240 contra
1760 1169 1921 1243 Turcam·
1939 1165 2153 1265 stipendia⁸)

111 1272 242 1346 lexisti.
292 1270 360 1358 Et,
392 1288 432 1345 ut
454 1288 612 1367 coeptam
634 1277 675 1346 in
692 1277 764 1347 illis
779 1273 886 1349 huius
902 1277 1108 1353 Conventus
1158 1273 1297 1347 facturi.
1355 1273 1398 1343 ln
1422 1299 1494 1368 quo
1516 1286 1609 1343 statu
1638 1287 1755 1344 autem
1786 1276 1928 1344 fortuna
1957 1274 2043 1342 belli
2073 1272 2153 1341 istic

109 1369 300 1448 historiam
329 1376 529 1456 absolvam,
563 1377 733 1448 articulus
752 1376 929 1451 Ecclesiae
953 1383 1108 1453 studiose
1159 1399 1254 1445 nunc
1272 1376 1336 1456 sit,
1361 1377 1514 1447 scribere
1536 1399 1611 1444 uon
1633 1398 1789 1468 possum.
1840 1375 1948 1445 Fama
1966 1375 2095 1459 variat,
2118 1386 2152 1443 et

112 1478 159 1547 ab
179 1477 390 1548 adversariis
411 1491 557 1570 propter
571 1493 778 1570 potestatem
793 1478 1053 1576 Episcoporum
1074 1498 1109 1555 et
1158 1478 1268 1548 dubia
1291 1490 1343 1547 εει
1364 1477 1494 1549 Martis
1517 1479 1603 1551 alea.
1656 1475 1802 1547 lntcrim
1825 1477 1957 1546 nostris
1981 1477 2152 1547 iratribus

112 1578 183 1648 alia
197 1594 360 1671 portenta
377 1594 430 1650 est
445 1604 651 1672 suspensum
686 1607 795 1677 quare
816 1584 855 1653 in
873 1587 1024 1657 articulo
1042 1586 1108 1659 Sa.
1159 1581 1197 1648 in
1213 1581 1276 1649 illo
1294 1580 1499 1649 discrimine
1515 1593 1636 1650 contra
1655 1577 1810 1649 Turcam
1824 1579 2025 1650 felicissima
2042 1601 2152 1673 quae·

111 1682 283 1752 cramenti
297 1706 393 1751 nnnc
407 1684 538 1752 sudant
552 1683 803 1771 collocutores,
825 1700 859 1757 ει
874 1689 1006 1758 nostris
1022 1714 1108 1759 cun·
1158 1706 1226 1774 que
1240 1682 1484 1773 precabimur,
1516 1696 1550 1751 ct
1566 1707 1631 1772 pro
1648 1680 1697 1749 eis
1713 1695 1834 1751 nostra
1850 1683 1945 1774 apud
1961 1678 2078 1752 Deum
2093 1680 2151 1749 in-

110 1782 304 1855 sessoribus
321 1796 355 1853 ct
365 1779 392 1879 ¹)
407 1781 651 1874 Antagonistis
670 1787 783 1858 multa
803 1789 1024 1883 iniquissime
1040 1792 1107 1860 ob·
1158 1784 1366 1853 tercessione
1383 1799 1503 1854 contra
1515 1779 1707 1854 sathanam
1722 1782 1873 1853 fideliter
1886 1783 2153 1866 decertabimus,
2236 1840 2238 1845 .

111 1886 320 1965 truduntur,
346 1910 436 1979 quae
449 1881 553 1982 hic*)
571 1887 723 1958 scribere
736 1913 812 1959 non
827 1892 920 1962 licet.
971 1889 1107 1964 sathan
1157 1899 1197 1956 ut
1212 1909 1363 1979 aequum
1380 1901 1430 1957 est
1446 1901 1480 1956 et
1495 1885 1681 1955 infelicitas
1706 1909 1829 1954 eorum
1851 1909 1988 1955 summe
2014 1907 2152 1975 semper

111 2008 176 2056 suo
199 2012 298 2057 more
319 1987 356 2055 in
373 1989 446 2057 suis
461 1990 629 2059 membris
648 2005 769 2060 contra
785 1990 979 2063 Ecclesiam
999 1996 1107 2065 miru-
1157 1990 1322 2079 POSlulal.

111 2089 177 2158 hili
210 2089 339 2207 astutia
368 2103 403 2160 ει
427 2091 617 2209 calliditate
641 2106 792 2177 aestuat,
832 2119 937 2188 quem
962 2099 1105 2168 tandem
1260 2117 1360 2192 Apa,
1382 2133 1503 2190 noster
1517 2112 1718 2216 Philippu,
1741 2120 1837 2189 ,opus
1861 2116 1920 2190 hic
1943 2124 2072 2189 molem
2094 2141 2151 2187 re„

112 2186 391 2311 {afflsspffilffi
404 2204 532 2311 ⁵P¹f¹l¹¹
547 2194 620 2262 015⁸
641 2195 715 2280 ⁵⁰5⁹
748 2196 840 2267 ⁸5⁶¹st
861 2198 1037 2288 l¹¹⁰⁰⁹Plls
1068 2200 1105 2268 5¹¹
1158 2248 1238 2294 rum
1257 2223 1424 2306 sustinet,
1465 2222 1561 2291 solus
1586 2244 1710 2290 omnes
1735 2222 1874 2292 labores
1897 2223 2021 2293 sedulo
2044 2219 2150 2305 subit,

111 2293 336 2386 ⁸¹¹¹¹Pl¹⁰¹tale
350 2294 532 2363 d⁰sslf¹¹¹³⁰
545 2296 750 2383 ⁰⁰1¹s⁰¹¹d²b
776 2310 900 2403 ‘lcum
914 2312 987 2381 ²0¹³
1001 2324 1106 2396 ΨΜ·
1158 2350 1263 2420 quem
1279 2324 1439 2419 quotidie
1453 2326 1545 2409 lere,
1577 2336 1658 2392 ante
1672 2322 1786 2394 lucem
1811 2325 1935 2412 etiam,
1967 2326 2012 2395 ad
2033 2323 2149 2393 lucer-

110 2417 199 2485 8083
218 2387 623 2489 ⁸¹¹³”).0x¹⁸¹'m¹⁰²¹bil·
717 2414 721 2427 '
814 2414 817 2421 ¹
1158 2429 1453 2499 nam-lucubrare
1477 2426 1601 2513 rideo,
1644 2420 1737 2495 nibil
1763 2427 1896 2497 laboris
1922 2440 1984 2497 aut
2012 2447 2150 2519 operae,

213 2523 269 2597 De
301 2552 361 2620 spe
387 2528 641 2620 pacificationis
665 2528 929 2607 Ecclesiasticae
962 2538 1041 2631 piae
1074 2553 1108 2609 et
1158 2531 1253 2625 quod
1280 2530 1325 2599 ad
1348 2529 1445 2621 piam
1470 2540 1504 2597 ct
1518 2523 1756 2599 Christianam
1775 2530 2000 2601 concordiam
2017 2528 2150 2598 iacien-

109 2622 335 2701 Cbristianae
351 2631 388 2698 in
402 2632 544 2725 negotio
561 2634 745 2723 religionis
766 2632 859 2705 nihil
880 2635 998 2711 adhuc
1015 2641 1107 2712 'certi
1157 2636 1241 2705 dam
1255 2633 1399 2717 attinet,
1426 2634 1622 2701 detrectans
1629 2656 1638 2717 ;
1666 2630 1767 2700 cuitu
1780 2632 2005 2721 gravissimos
2022 2629 2060 2699 in
2073 2652 2150 2698 ma-

109 2732 217 2801 scribi
237 2746 373 2822 potest,
406 2758 470 2803 nec
497 2733 577 2805 licet
600 2737 723 2820 etiam,
753 2750 851 2809 tanta
873 2739 1106 2838 estrerum²)
1156 2735 1260 2805 ximis
1276 2736 1382 2805 rebus
1397 2746 1561 2817 conatus,
1587 2733 1721 2816 studia,
1754 2733 1970 2803 voluntatem
1985 2745 2020 2802 et
2035 2730 2149 2801 zelum

108 2832 317 2904 vicissitudo
334 2848 369 2904 et
383 2834 632 2913 inconstantia,
684 2832 868 2935 Articulus
882 2840 1106 2914 luctificatio.
1156 2837 1344 2907 ut-nostris
1359 2833 1580 2906 orationibus
1596 2834 1759 2905 iuvemus
1783 2850 1818 2906 et
1839 2836 2046 2921 excitemus,
2073 2834 2149 2923 glo-

107 2935 167 3005 nis
182 2961 201 3005 a
216 2937 493 3027 collocutoribus
507 2934 594 3035 est⁵)
611 2932 830 3033 conciliatus,
855 2959 888 3015 et
904 2946 1105 3017 informans
1156 2937 1207 3008 ria
1229 2935 1384 3020 Christi,
1416 2932 1595 3006 Ecclesiae
1618 2937 1712 3006 salus
1740 2952 1774 3008 et
1801 2939 1963 3007 omnium
1986 2935 2149 3008 nostriun

108 3040 273 3108 redactus
291 3054 431 3109 nostrae
446 3036 671 3113 Confessioni
684 3032 770 3113 'n'o‘u¹
785 3040 1018 3133 contrariam,
1044 3051 1104 3119 sed
1155 3040 1303 3112 felicitas
1325 3040 1430 3130 exigit
1456 3053 1491 3110 et
1512 3038 1678 3130 postulat.
1733 3038 1774 3127 lu
1799 3065 1871 3132 quo
1893 3040 2009 3109 officio
2027 3031 2149 3133 quia⁹)

108 3142 582 3221 tamesinondumomuium
600 3142 768 3215 ordinum
792 3171 966 3233 consensu
988 3151 1105 3243 ‹leter-
1155 3142 1289 3234 OpllmO
1312 3140 1409 3226 ι’ῐΐό,
1442 3155 1475 3211 01
1501 3142 1606 3209 ¹¹⁰¹)ss
1625 3140 1749 3225 ellam,
1779 3135 2147 3234 q1¹01q⁰0ll¹l⁶Cl¹rl·

107 3241 265 3313 minatus
291 3254 325 3311 et
349 3243 535 3313 conclusus
560 3259 621 3314 est.
678 3242 895 3337 Imperator,
934 3252 1104 3344 quemad·

109 3346 257 3412 modum
280 3369 320 3412 ex
342 3345 465 3413 multis
487 3359 522 3414 et
543 3346 645 3417 certis
655 3344 686 3439 ⁴)
701 3344 846 3419 'indiciis
864 3365 1017 3438 constat,
1045 3378 1105 3424 ae-

109 3446 218 3538 quior
231 3450 283 3515 est‘
297 3469 438 3515 caussae
452 3463 591 3517 nostrae
607 3474 712 3545 quam
727 3451 833 3523 luerit
848 3446 1036 3541 hactenus,
1057 3456 1104 3525 li-

109 3561 164 3618 cet
187 3547 346 3640 plerique
366 3545 589 3649 Consiliarii,
623 3565 662 3621 ut
684 3549 760 3649 lieri
782 3554 890 3640 solet,
924 3555 961 3625 i'n
982 3556 1104 3637 multis

109 3648 283 3741 optimum
308 3646 561 3741 Imperatorem
587 3674 606 3720 a
634 3652 781 3723 veritate
810 3657 933 3727 sedulo
966 3659 1103 3730 abstra-

110 3746 208 3825 hant.
262 3750 331 3823 Sed
348 3774 410 3835 cor
425 3744 545 3847 Regis
558 3750 602 3822 'in
618 3778 732 3824 monn
747 3750 918 3829 Domini.

213 3877 609 3979 lnterLandgrac‘ium
625 3902 659 3958 ει
669 3883 971 3964 Brunsm'csnssm
986 3890 1102 3967 adbuc

108 3982 203 4056 nihil
218 4010 337 4055 coram
351 3985 499 4059 Caesare
515 4001 577 4059 aut
589 3987 745 4080 imperio
759 3995 957 4082 actitatum,
982 4011 1016 4067 ει
1030 3995 1103 4066 lm-

107 4102 252 4180 perator
272 4101 453 4182 utrunque
477 4086 732 4162 humanissime
759 4095 844 4181 lert,
885 4098 933 4169 ita
960 4113 1000 4170 ut
1028 4123 1103 4168 non

108 4187 286 4283 videam⁵)
312 4188 495 4261 Caesarem
525 4216 605 4282 erga
624 4190 890 4285 Landgravium
917 4202 1104 4270 exacerba-

107 4305 185 4363 tum
202 4313 293 4375 esse,
318 4317 400 4361 curn
416 4294 553 4385 saepius
569 4295 613 4364 ab
630 4319 671 4363 eo
685 4298 781 4366 ultro
799 4301 962 4370 etiamad
978 4299 1102 4372 Collo·

107 4393 234 4487 quium
252 4393 298 4463 sit
312 4395 496 4466 admissus.
545 4391 831 4477 Bruusm'ccnst's
852 4397 910 4473 hic
935 4406 1102 4475 omnibus

105 4497 219 4567 ferme
227 4488 257 4589 Θ)
274 4509 324 4567 est
341 4520 486 4578 exosus,
520 4499 591 4567 nisi
613 4503 710 4592 quod
730 4497 848 4575 adhuc
865 4505 905 4574 in
922 4519 1020 4597 parte
1034 4508 1101 4577 ali-

106 4717 318 4729 ——n-

141 4858 169 4920 l)
187 4856 276 4912 Dana.
293 4854 379 4912 edidit
392 4858 445 4929 od,
466 4857 514 4912 sed
535 4859 597 4915 cod.
613 4860 650 4917 el.
685 4858 785 4916 Sumo
803 4870 844 4918 est
868 4862 903 4919 ds
920 4864 1099 4924 collotutori-

175 4928 227 4979 bus
238 4927 380 4998 utriusque
392 4928 485 4997 partis.

137 5007 319 5078 ⁸)Cod.sic.
395 5006 399 5013 ’
507 5012 556 5082 lul)
574 5014 895 5089 Daukmay'mmo.
938 5052 968 5061 -·

137 5095 170 5165 2)
189 5095 275 5150 Dans.
288 5095 433 5151 mendoscs
448 5114 557 5153 eorum.

137 5180 167 5244 8)
185 5179 272 5233 Danz.
288 5189 330 5248 et,
348 5180 492 5236 mendose.

136 5265 167 5333 4)
184 5264 274 5319 Dans.
291 5267 385 5321 restis.

138 5347 168 5417 ὅ)
187 5347 258 5404 cod.
270 5351 366 5424 video,
383 5371 413 5405 es
427 5351 592 5425 negligentis
605 5354 792 5420 describentis.-

136 5433 166 5501 6)
183 5431 270 5487 Dans.
278 5431 357 5501 sere.
398 5440 401 5445 “
677 5464 680 5469 ·

1154 3258 1246 3313 stum
1263 3246 1491 3326 confitemur,
1525 3256 1620 3313 tuam
1637 3239 1830 3310 Ecclesiam
1855 3268 1928 3311 non
1946 3243 2147 3311 defuturam

1155 3347 1237 3419 scio,
1283 3344 1380 3414 Haec
1396 3359 1533 3414 trintum
1552 3347 1742 3412 admouere
1759 3345 1868 3416 stolui.

1201 3552 1214 3559 ,,
1255 3477 1377 3553 Redeo
1395 3478 1533 3550 adalia.
1591 3467 1863 3567 Landgros·ius
1885 3478 1992 3545 semel
2015 3499 2034 3545 a
2056 3466 2147 3547 Cae-

1153 3605 1229 3651 sare
1255 3582 1450 3667 admissus,
1482 3580 1564 3675 quia
1585 3577 1833 3669 opportunitas
1857 3579 1903 3648 ita
1925 3578 2077 3662 serebat,
2106 3592 2148 3650 ut

1153 3697 1205 3753 est
1218 3683 1400 3774 ingenium
1416 3680 1499 3753 s'atis
1515 3678 1703 3764 callidum,
1737 3672 1841 3750 fidem
1857 3679 2067 3773 Imperatori
2084 3681 2146 3749 de-

1153 3786 1264 3857 ditet
1294 3785 1477 3870 astrinxit,
1516 3806 1553 3852 se
1585 3782 1723 3867 omnia,
1763 3806 1995 3877 quaecunque
2023 3795 2146 3853 contra

1151 3884 1447 3957 Brunsviceusem
1472 3885 1665 3976 scripsisset
1687 3879 1873 3970 hacteuus,
1913 3886 2145 3977 probaturum

1152 3989 1270 4062 etiam.
1320 3987 1481 4059 Libellus
1495 3985 1671 4057 Electoris
1692 3986 1805 4057 nostri
1829 4001 1950 4056 contra
1967 3985 2146 4056 Brunsvi-

1153 4094 1291 4161 oensem
1307 4092 1422 4161 editus
1436 4085 1505 4182 e¹⁰)
1516 4086 1727 4158 Germanica
1746 4089 1785 4157 in
1800 4089 1958 4178 linguam
1969 4086 2145 4159 Gallicam

1153 4207 1205 4262 est
1224 4193 1415 4263 translatus
1436 4198 1470 4261 et
1487 4192 1535 4260 ita
1552 4189 1693 4259 oblatus
1711 4186 1920 4282 Imperatori
1934 4184 1983 4285 *).
2043 4188 2146 4261 laxit
2225 4242 2229 4249 -

1151 4292 1266 4378 Deus,
1294 4307 1334 4366 ut
1353 4291 1440 4363 haec
1462 4292 1581 4364 omnia
1596 4294 1640 4361 ad
1657 4291 1807 4381 gloriam
1822 4288 1955 4363 Christi
1973 4304 2008 4361 et
2022 4314 2145 4384 pacem

1151 4398 1330 4486 publicam
1345 4392 1524 4465 Ecclesiae
1539 4407 1572 4464 ct
1585 4395 1719 4485 patriae
1734 4395 1870 4465 cedant.
1903 4392 2011 4463 Plura
2028 4393 2093 4464 tibi
2109 4409 2144 4465 et
2215 4377 2241 4436 ·’

1151 4499 1256 4569 etiam
1272 4499 1418 4567 domino
1427 4490 1624 4567 Benedicta
1636 4490 1695 4589 ”)
1711 4495 1923 4586 scripsissem
1941 4521 1980 4566 ac
1997 4520 2145 4588 respon-

1150 4601 1291 4685 dissem,
1305 4600 1334 4669 si
1348 4615 1492 4692 propter
1502 4597 1643 4688 negotia
1655 4597 1821 4681 licuisset,
1837 4620 1946 4691 quare
1960 4623 2017 4666 me
2032 4594 2143 4669 habe-

1149 4705 1206 4773 bis
1234 4716 1445 4776 cxcusatum.
1509 4699 1735 4774 Resolutabis
1769 4701 1922 4769 officiose
1956 4699 2143 4773 dominum

1149 4803 1326 4875 Abbalem
1341 4794 1422 4875 ctam
1436 4828 1546 4875 uxore
1561 4816 1598 4874 et
1611 4801 1701 4887 filia,
1728 4816 1905 4895 postremo
1923 4803 2029 4874 etiam
2043 4816 2142 4874 tuam
2235 4850 2240 4863 .

1149 4988 1378 5007 m

1183 5109 1212 5176 7)
1229 5108 1315 5162 Dans.
1332 5108 1478 5163 mendose:
1499 5108 1631 5163 Consiliis.

1180 5193 1209 5262 8)
1229 5193 1316 5249 Dans.
1329 5194 1509 5261 stipendium.

1179 5277 1210 5343 9)
1232 5277 1354 5332 Densius
1366 5277 1435 5346 quia
1446 5273 1634 5347 praetermisit.

1181 5362 1226 5432 lo)
1244 5361 1314 5419 eod.
1326 5371 1371 5432 st,
1388 5358 1462 5433 quod
1477 5360 1641 5415 mendosum
1656 5356 1771 5413 videtur.

1179 5445 1213 5516 *)
1230 5446 1318 5503 Dans.
1332 5443 1462 5502 cauri.
1705 5439 1755 5512 **)
1773 5437 1984 5515 Sebubmanno.
