4522 5752
108 228 183 309 875

108 400 242 496 ltieblid)
264 402 328 474 aab
349 397 554 492 [aaltnltlpig
576 396 663 484 linb3
693 415 731 487 gn
754 394 870 485 tolenea
887 397 1002 471 eitra
1026 392 1102 487 aad>

109 505 183 593 tiele
212 500 338 595 {dinen
361 500 478 589 diade
507 501 633 581 biensa,
670 497 717 569 bie
746 517 778 569 er
806 500 914 571 tetaet.
970 494 1103 569 barum

110 608 201 679 nolte
217 604 258 677 b.
275 605 331 678 ns.
352 603 408 695 fta)
431 602 527 692 blaten
545 597 657 671 blena
680 594 862 689 ginlliglid)
885 600 977 689 tollen
1002 598 1104 687 belota

111 710 159 781 ten
175 707 258 798 lena.
307 704 348 777 e.
363 704 419 776 bs.
434 724 470 794 gu
487 704 593 777 biensa
611 699 663 772 tin
679 698 720 788 id)
737 700 978 793 carpitania.
1020 698 1104 773 lbott

110 809 256 899 tenente
276 808 318 883 d.
332 806 388 881 ab,
413 805 536 896 suerat.
585 801 718 874 Datum
738 800 914 895 mittebas
940 806 974 874 s.
989 800 1105 875 Octo-

110 912 185 981 bris
203 908 311 981 Anno
328 907 441 981 XLll.

475 1038 515 1112 b.
531 1038 686 1127 liciebat

438 1139 571 1233 mitiget
595 1138 714 1213 Diana
753 1168 755 1173 ·

624 1254 815 1351 Philippus
831 1250 1055 1330 Melantbon.

111 1500 437 1528 fflae--tn'ffl—u-*uu
458 1512 467 1519 ι
477 1502 1098 1521 --ι--νοα-ο--οο--ο-ι-υ-*Μ

112 1687 179 1759 lto.
194 1680 320 1757 255⁹:

119 1780 290 1813 Μ

810 1692 843 1752 7.
860 1684 932 1749 Oct.
958 1680 1092 1765 Lipsiae.

799 1776 1107 1816 ‘N

425 1868 469 1955 V
466 1874 528 1951 ito
561 1866 800 1957 ΤΙιεοάονο.

180 2054 265 2126 Epist.
279 2050 327 2106 lib.
339 2048 432 2173 1qu
446 2048 496 2103 1⁶2
507 2066 549 2119 aq.
566 2078 601 2091 -
625 2046 678 2106 llic
690 2067 722 2103 er
736 2047 905 2121 autographo
917 2048 946 2102 ln
961 2046 1025 2104 eod.
1038 2046 1107 2102 Mo-

198 2138 277 2176 nac.
290 2119 314 2173 Ι.
333 2136 361 2190 p.
376 2120 393 2170 5
901 2186 913 2221 κ

19 2358 22 2363 ,
109 2279 165 2357 D.
193 2276 236 2353 V
238 2276 304 2348 ito
332 2268 593 2355 Theodoro,
628 2268 943 2369 docentiEaang.
967 2273 1007 2344 ia
1030 2270 1104 2344 Ec·

446 2373 558 2447 clesiu
574 2370 772 2471 Noriberg.

111 2497 155 2585 S.
178 2513 224 2584 Ι).
277 2506 411 2587 Vitam
428 2525 588 2582 nostrum
598 2507 626 2606 ¹)
649 2527 690 2582 ut
709 2523 868 2579 amanter
885 2509 1047 2603 excipias,
1071 2527 1106 2584 te

8 2686 11 2691 .
111 2620 217 2687 etiarm
238 2627 343 2710 atque
365 2614 468 2684 etiam
491 2636 591 2703 rogo.
656 2610 749 2681 Nam
773 2624 809 2681 et
830 2610 936 2705 Reip.
964 2625 1106 2684 nostrae

111 2718 263 2788 fideliter
276 2714 403 2801 se'rvit,
439 2728 473 2783 et
488 2728 580 2785 recte
601 2714 725 2797 sentit,
758 2726 905 2805 propter
926 2736 1014 2808 quas
1032 2716 1106 2784 vir-

112 2832 204 2892 tutes
229 2814 319 2886 milri
343 2842 424 2887 cum
447 2840 488 2885 eo
510 2828 678 2908 perpetua
701 2825 753 2883 est
775 2814 942 2890 amicitia.
1008 2814 1107 2887 Tuas

111 2916 231 2993 literas
247 2918 318 2989 iam
335 2930 515 3010 expectare
529 2917 754 3009 incipiebam.

212 3048 268 3122 Ex
289 3044 451 3121 Poloaio
480 3046 550 3121 huc
575 3050 759 3135 scribitur,
797 3050 977 3144 quendam
996 3048 1106 3121 Colo-

112 3180 198 3225 num
219 3155 259 3223 in
278 3175 362 3242 agro
386 3177 450 3223 suo
474 3152 630 3223 alveolos
651 3175 758 3243 apum
784 3152 963 3222 volentem
990 3152 1104 3243 inspi-

44 3306 47 3311 -
110 3282 205 3341 cere,
245 3280 326 3329 cum
356 3256 427 3324 iam
455 3256 501 3324 ad
523 3254 677 3345 primum
699 3252 878 3321 alveolum
899 3256 1105 3334 accessisset,

110 3360 240 3428 vidisse
262 3356 410 3448 plenum
432 3378 505 3424 esse
527 3356 700 3424 cinerum.
763 3352 922 3424 Miratur
943 3356 1030 3448 qnid
1054 3357 1102 3424 rei

110 3461 175 3538 sit,
204 3472 372 3528 ettamen
390 3459 583 3527 secundum
599 3454 758 3547 inspicit:
791 3451 860 3525 Hic
882 3457 1011 3548 plenus
1031 3470 1105 3526 erat

111 3586 233 3654 aquae,
253 3560 378 3629 tertius
390 3558 582 3648 sanguinis,
602 3570 748 3649 quartus
760 3556 944 3631 frumenti.
980 3554 1104 3627 Postea

111 3667 198 3731 dnm
216 3662 308 3730 redit
322 3661 488 3743 domum,
513 3660 684 3728 attonitus
697 3658 869 3727 miraculo
885 3658 956 3742 rei,
982 3682 1105 3728 occur-

109 3764 157 3833 rit
183 3763 214 3831 ei
237 3774 431 3853 spectrum,
471 3772 506 3829 et
529 3760 740 3849 interrogat,
773 3760 860 3852 quid
884 3759 1033 3844 viderit,
1065 3784 1105 3829 ac

108 3864 254 3936 subiicit
287 3861 635 3953 interpretationem:
678 3858 825 3953 Ilusque
860 3861 1104 3953 proximorum

109 3989 286 4036 annorum
317 3964 416 4055 signa
445 3986 528 4035 esse.
588 3960 709 4031 Primo
734 3976 970 4049 grassaturam
991 3960 1106 4032 Pesti-

108 4069 274 4146 lentiam,
307 4066 462 4137 secundo
480 4065 619 4134 suturas
637 4064 890 4136 exundationes
908 4064 1106 4149 inusitatas,

108 4171 213 4241 tertio
238 4168 348 4253 bella,
388 4180 553 4261 quartum
576 4186 699 4234 rursus
724 4166 800 4235 fore
811 4161 841 4259 ²)
869 4166 1105 4259 tranquillum

109 4287 142 4342 et
163 4272 323 4344 uberem.

209 4402 313 4473 Certe
336 4426 410 4470 non
432 4401 527 4468 leves
549 4413 653 4469 erunt
676 4420 805 4487 agones
831 4393 961 4467 borum
984 4401 1105 4491 proxi-

106 4529 248 4575 morum
270 4526 458 4574 annornm.
508 4498 605 4569 llinc
620 4498 749 4584 Turci,
775 4494 905 4569 isthinc
924 4500 1024 4571 Galli
1046 4527 1105 4571 or-

106 4608 189 4675 bem
208 4618 381 4675 terrarum
395 4602 609 4674 concutient.
660 4597 777 4670 Deum
795 4624 954 4687 oremus,
981 4616 1021 4672 ut
1034 4598 1105 4672 Ec-

107 4708 252 4778 clesiam
270 4728 369 4776 suam
386 4704 558 4793 gubernet
573 4715 608 4772 ct
624 4717 750 4773 servet.

208 4836 318 4928 Quod
357 4830 612 4934 Saenclrseidii
649 4835 881 4908 deliramenta
924 4822 995 4908 cito
1041 4839 1106 4908 da-

106 4942 273 5026 mnastis,
305 4953 398 5009 recte
432 4951 467 5008 et
497 4940 691 5028 prudenter
723 4960 788 5009 vos
820 4940 940 5009 iecisse
973 4939 1103 5014 iudico.

105 5156 327 5171 Q——num-

143 5293 171 5351 t)
192 5286 284 5340 Vitam
301 5284 522 5339 Wiusbemium.

138 5376 167 5443 2)
188 5374 269 5430 Saub.
283 5375 432 5427 mendaces
443 5372 520 5440 fieri.

675 220 1113 301 EPISTOLARUM
1162 222 1271 303 ΜΒ.
1304 224 1370 298 lx.
1424 222 1553 299 1542.

2080 230 2145 305 876

1157 390 1364 471 Vedianas
1390 398 1420 467 ei
1447 411 1538 467 recte
1564 410 1599 467 et
1621 399 1757 468 enrdite
1779 394 2019 495 respondit⁸)-
2083 402 2143 473 Sed

1155 514 1272 570 tamen
1301 513 1336 570 et
1361 500 1435 590 ipse
1456 498 1592 591 aliquid
1614 522 1825 593 componam
1835 503 1878 596 ⁴).
1944 501 2046 573 Bene
2067 506 2141 578 vale.

1155 599 1223 671 Die
1239 602 1274 675 7.
1289 598 1459 672 Octobris
1473 598 1628 690 Lipsiae.

1670 731 1859 830 Philippus
1875 732 2101 809 Melanthea.

1839 1090 1874 1151 7.
1891 1084 1966 1152 Oa.
1991 1082 2120 1172 Llpslee.

1815 1180 2140 1223 m

1411 1258 1486 1349 Ge.
1518 1260 1896 1359 commanentia.

1224 1439 1691 1585 ⁸⁹33,¹il,ffl},li‚²⁸l‚‚⁸li0'7,‘⁸³¹¹
1711 1444 1772 1503 siue
1789 1447 1875 1506 dubio
1895 1470 1927 1507 ex
1946 1454 2139 1529 apogr-uphei·

1157 1658 1383 1740 Clarissimo
1404 1676 1438 1740 et
1460 1670 1596 1766 optimo
1613 1671 1692 1742 viro
1705 1666 1758 1745 D.
1778 1670 1981 1772 Georgia
2001 1678 2140 1751 Kam-

1157 1778 1326 1839 mersta
1337 1766 1367 1841 d
1372 1770 1389 1839 i
1394 1794 1416 1840 o
1432 1766 1592 1841 Ductori
1604 1768 1728 1858 Iuris,
1753 1768 1988 1851 Consiliario
2002 1782 2042 1852 in
2058 1782 2141 1855 auio

1219 1866 1423 1943 Illustriss.
1441 1868 1778 2045 Ducisgatxoniae
1791 1875 1995 1966 ,Mauricae
2021 1908 2088 1955 suo

1599 2002 1624 2045 a
1643 2001 1744 2048 rouo.

1156 2078 1201 2175 S·
1225 2100 1271 2180 D.
1322 2102 1405 2179 Scio
1426 2106 1559 2177 multos
1579 2124 1794 2201 praestantes
1815 2110 1921 2185 Viros
1945 2140 2021 2187 esse
2052 2134 2086 2190 et
2110 2121 2142 2189 in

1157 2218 1271 2279 vestra
1289 2202 1445 2300 Republ.
1467 2222 1502 2278 et
1523 2210 1626 2296 alibi,
1662 2236 1814 2306 quorum
1835 2218 2048 2308 prudentia,
2077 2222 2142 2291 vir-

1158 2322 1214 2379 tus
1239 2332 1278 2377 ac
1300 2310 1386 2381 {ides
1409 2312 1567 2381 incertis
1586 2314 1745 2404 partibus
1760 2318 2031 2404 gubernationis
2049 2323 2144 2403 lueet.

1157 2432 1247 2504 quos
1262 2410 1384 2503 etipse
1400 2412 1446 2481 de
1462 2433 1587 2500 genere
1608 2408 1766 2486 hnmano
1783 2418 2004 2490 benemercri
2021 2424 2143 2505 iudico,

1157 2525 1191 2581 et
1209 2524 1247 2581 ut
1263 2512 1375 2581 debeo
1391 2536 1552 2586 veneror.
1603 2516 1674 2586 Sed
1696 2518 1808 2587 multo
1826 2519 1954 2591 melius
1972 2524 2081 2595 iidem
2096 2526 2143 2595 illi

1157 2602 1393 2699 mererentur,
1424 2615 1455 2683 ai
1471 2628 1580 2684 totam
1593 2614 1722 2710 Remp.
1738 2620 1858 2690 animo
1874 2624 2144 2715 complecteren-

1158 2728 1235 2801 tur,
1262 2714 1365 2810 eique
1387 2716 1553 2786 omatibus
1577 2718 1737 2810 partibus
1759 2746 1862 2812 opem
1879 2723 1972 2794 lerre
1988 2750 2054 2797 suo
2073 2729 2142 2799 loco

1156 2817 1351 2890 studerent.
1418 2814 1524 2887 Nunc
1546 2844 1628 2889 vero
1652 2824 1935 2918 quotusquisque
1963 2822 2057 2899 lranc
2084 2856 2143 2899 no·

1156 2930 1265 2987 stram
1279 2919 1499 3010 provinciam
1517 2920 1728 3007 literariam,
1761 2949 1852 3018 qnae
1868 2942 1962 2997 certe
1979 2932 2026 2999 ad
2042 2928 2141 3003 llem-

1156 3020 1255 3111 publ.
1269 3021 1420 3089 maxime
1439 3020 1610 3112 pertinet,
1638 3024 1694 3092 vel
1714 3026 1880 3115 intelligit
1903 3030 1961 3098 vel
1981 3030 2142 3103 adiuvat?

1156 3118 1247 3191 Cum
1273 3135 1390 3192 antem
1414 3144 1456 3191 ex
1478 3122 1620 3213 optimis
1644 3122 1742 3194 Viris
1763 3128 2021 3217 intellexerim,
2061 3146 2093 3204 te
2112 3148 2142 3205 ct

1155 3223 1279 3292 ceteris
1301 3220 1471 3312 Reipubl.
1492 3226 1669 3314 partibus,
1697 3240 1732 3296 et
1755 3227 1884 3298 litteris
1904 3232 2043 3323 optime
2065 3259 2140 3304 con-

1156 3325 1289 3394 sultum
1312 3325 1421 3407 velle,
1462 3327 1506 3393 ad
1529 3338 1564 3395 te
1585 3327 1805 3417 potissimum
1829 3330 1916 3399 eluxi
1941 3334 2139 3405 mittendam

1157 3448 1230 3496 esse
1246 3422 1465 3517 Epistulam,
1499 3452 1606 3519 quam
1628 3429 1672 3496 ad
1695 3426 1828 3499 Ducem
1844 3426 2084 3507 Mauricium
2102 3438 2139 3507 de

1156 3523 1348 3596 Academia
1361 3524 1501 3618 Lipsica
1518 3528 1660 3619 scripsi,
1687 3542 1790 3623 teque
1807 3556 1915 3623 rogo,
1942 3560 2020 3607 non
2035 3540 2138 3609 solum

1156 3640 1196 3697 ut
1229 3624 1394 3697 exhibeas
1422 3628 1557 3698 litteras
1588 3652 1683 3699 meas
1709 3630 1953 3705 illustrissimo
1980 3636 2139 3733 Principi,

1157 3730 1217 3797 sed
1242 3731 1345 3799 etiam
1367 3742 1407 3798 ut
1430 3755 1570 3800 causam
1592 3732 1779 3805 autoritate
1794 3748 1898 3828 atque
1914 3741 2138 3813 orationetua

1156 3832 1313 3903 adiuves.
1371 3828 1556 3918 Quantum
1580 3835 1708 3905 reserat
1730 3839 1934 3909 conservari
1962 3854 1999 3909 et
2030 3844 2138 3913 ornari

1157 3928 1247 4001 hanc
1267 3928 1424 4001 scholam
1447 3958 1512 4025 pro
1538 3948 1599 4003 tua
1613 3938 1803 4026 prudentia
1819 3940 1919 4009 vides
1937 3942 2024 4031 ipse.
2073 3944 2138 4015 Nisi

1157 4034 1251 4101 enim
1274 4034 1446 4126 possessio
1470 4036 1666 4105 litterarum
1689 4038 1726 4105 in
1748 4041 1837 4107 nrl›e
1852 4034 1997 4138 Lipsia
2020 4040 2139 4117 retine-

1156 4136 1270 4217 bitur,
1306 4134 1449 4205 eastitas
1470 4150 1504 4206 et
1524 4136 1704 4225 barbaries
1725 4141 1911 4211 universae
1934 4144 2137 4217 Germaniae

1156 4250 1317 4306 secutura
1340 4251 1410 4319 est,
1437 4261 1476 4307 ac
1501 4232 1609 4307 huius
1633 4262 1731 4308 meae
1752 4243 1937 4331 opinionis
1959 4270 2036 4317 nou
2059 4248 2139 4318 leves

1157 4330 1374 4409 coniecturas
1394 4333 1519 4413 habeo.
1569 4339 1749 4429 Pugnabis
1771 4344 1879 4433 igitur
1898 4371 2002 4433 vere,
2031 4366 2072 4421 nt
2089 4352 2139 4419 di-

1156 4439 1267 4524 citur,
1298 4464 1364 4530 pro
1387 4441 1474 4521 aris,
1506 4441 1672 4510 videlicet
1692 4467 1754 4533 pro
1774 4444 1987 4533 Academia,
2019 4452 2138 4545 inqua

1157 4541 1268 4608 excoli
1286 4540 1447 4610 doctrina
1461 4544 1570 4610 bonas
1587 4556 1731 4613 naturas
1748 4559 1899 4635 oportet,
1926 4575 2020 4642 qrrae
2034 4568 2138 4643 postea

1156 4656 1231 4711 tum
1254 4638 1427 4710 Ecclesias
1461 4655 1537 4711 tum
1562 4646 1710 4715 consilia
1728 4644 1915 4719 Senatorio
1938 4656 2139 4741 gubernent.

1158 4741 1274 4812 lacent
1297 4756 1452 4812 caeterae
1474 4742 1686 4815 Academiae
1711 4745 1750 4815 in
1779 4773 1908 4839 magna
1933 4750 2139 4826 Germaniae

1156 4858 1273 4935 parte,
1305 4856 1472 4914 nontam
1497 4846 1596 4916 fatali
1620 4849 1778 4917 tumultu
1800 4876 2011 4939 concussae,
2044 4884 2136 4951 quarn

1157 4946 1331 5035 neglectae
1343 4945 1621 5035 gubernatorum
1634 4948 1827 5037 voluntate,
1852 4954 1917 5045 qui
1930 4956 2050 5029 literas
2064 4966 2150 5029 ode:

1191 5290 1219 5357 8)
1240 5290 1284 5344 De
1299 5290 1371 5346 libro
1384 5289 1497 5347 vadiani
1512 5292 1566 5349 vid.
1580 5312 1623 5365 ep.
1638 5296 1666 5351 d.
1677 5294 1705 5351 ¹.
1719 5297 1776 5354 lau.
1791 5310 1817 5353 et
1830 5299 1858 5355 d.
1874 5300 1965 5361 Mul.
1982 5310 2055 5363 1544.

1188 5378 1218 5447 4)
1236 5374 1268 5431 tt
1280 5396 1337 5431 uon
1356 5376 1460 5435 lactum
1473 5388 1530 5451 en,
1548 5378 1601 5435 rid.
1615 5398 1661 5454 op.¹
1671 5380 1699 5437 d.
1711 5380 1738 5437 6.
1753 5382 1806 5439 lul.
1820 5388 1898 5443 llll.
