4522 5752
106 210 183 287 887
242 266 248 277 .-

110 382 179 455 Νο.
196 376 308 455 2571.
947 382 1006 446 80.
1022 372 1095 439 Oot.

117 476 290 511 uu·-

936 464 1106 495 Μ

450 562 778 647 Testimonium.

184 744 221 799 Ex
235 741 389 864 apographo
403 739 432 793 in
447 738 543 795 codice
556 734 654 793 Berlsri
668 736 700 791 ll.
716 756 743 809 p.
754 734 815 791 7⁴8.
830 732 885 787 ism
899 731 970 787 edita
983 752 998 787 a
1011 728 1107 813 Schle-

220 832 253 883 ge
266 813 292 865 io
305 812 333 865 iu
348 810 398 863 sita
413 808 536 879 Laugeri.
571 806 778 861 Melautbouem
795 813 935 859 auctorem
956 820 1014 857 esee
1030 801 1110 855 boras

221 878 331 954 scripti,
347 888 421 935 recte
435 876 582 931 arbitratus
596 886 636 931 est
649 873 826 947 Schlegelius.

276 1032 411 1107 Rector
429 1030 647 1105 Academiae
670 1028 711 1106 V
708 1028 953 1125 itabergeasis.

119 1160 360 1250 Meminimus
381 1170 478 1247 hunc
503 1164 723 1267 Philippum
747 1162 939 1251 Falsum,
978 1162 1113 1253 Regio-

122 1294 348 1363 moutauum,
379 1277 419 1345 iu
434 1272 626 1346 Academia
649 1286 769 1342 nostra
788 1284 871 1340 ante
891 1269 1027 1361 aliquot
1048 1291 1113 1333 au-

121 1406 188 1452 nos
203 1383 291 1451 adeo
309 1380 465 1448 modeste
482 1374 628 1459 vixisse,
660 1388 696 1444 et
721 1374 761 1441 iu
782 1370 909 1444 studiis
931 1368 1113 1441 doctrinae

123 1480 345 1555 Christianae
361 1482 408 1549 ita
424 1477 675 1572 permansisse,
699 1488 742 1545 ut
756 1474 789 1544 ei
803 1470 975 1545 Doctores
991 1465 1114 1563 Theo-

123 1586 237 1675 logiae
256 1597 399 1676 propter
421 1581 531 1673 ipsius
554 1578 791 1649 eruditionem
809 1589 844 1645 et
863 1575 978 1645 bonos
997 1593 1114 1641 mores

125 1686 416 1777 gubernationem
441 1679 619 1751 Ecclesiae
644 1668 819 1749 Calcasis
845 1676 1115 1746 commendave-

125 1791 218 1873 rint,
251 1788 334 1881 quia
357 1785 555 1855 enimcum
578 1806 679 1874 saepe
695 1779 920 1853 audiverunt.
971 1774 1115 1846 Scieba-

125 1915 206 1962 mus
220 1914 301 1959 eum
314 1911 439 1980 puram
451 1882 636 1976 Evangelii
656 1882 855 1953 doctrinam
869 1893 962 1950 recte
977 1876 1115 1945 intelli-

126 2018 225 2083 gere,
252 2006 286 2061 et
307 1984 498 2060 abhorrere
518 1987 563 2057 ab
578 1984 745 2057 omuibus
758 1982 921 2053 fanaticis
935 1978 1116 2071 opinioni·

124 2098 194 2167 bus
216 2092 391 2164 damnatis
414 2088 547 2160 iudicio
563 2084 740 2161 Ecclesiae
754 2080 900 2157 Christi.
949 2078 1030 2151 Etsi
1051 2104 1116 2149 au-

126 2212 198 2269 tem
215 2209 333 2287 postea
350 2195 395 2263 ab
412 2189 603 2261 Academia
619 2190 751 2273 abluit,
776 2200 894 2257 tamen
912 2183 1031 2268 exiis,
1053 2181 1117 2276 qui

128 2324 210 2370 eum
223 2297 455 2371 audiverunt,
479 2307 512 2363 et
526 2316 568 2361 er
583 2291 708 2361 vicinis
725 2288 924 2379 pastoribus
940 2284 1117 2355 intellexi-

127 2423 228 2482 mus,
253 2423 333 2467 eum
351 2396 521 2466 mansisse
536 2392 575 2461 in
589 2394 709 2461 eadem
732 2390 924 2475 sententia,
955 2410 1062 2481 quam
1084 2398 1119 2454 et

129 2499 189 2573 hic
204 2502 394 2580 didicerat,
428 2509 464 2567 et
485 2495 662 2588 protessus
682 2494 796 2562 luerat
816 2492 855 2560 in
879 2490 1046 2558 omuibus
1061 2511 1119 2555 ar-

128 2605 265 2688 ticulis,
298 2620 542 2693 necunquam
564 2596 761 2687 corrupisse
784 2592 965 2663 doctrinae
983 2590 1120 2681 purita-

129 2721 212 2779 tem.
265 2701 376 2797 quue
394 2704 437 2771 de
455 2724 496 2769 eo
513 2700 675 2769 doctores
687 2690 904 2785 'l'hcologiae
919 2694 1013 2784 apud
1031 2689 1119 2761 lllu·

130 2808 341 2879 strissimum
363 2802 565 2894 Principem
588 2797 721 2869 Ducem
745 2795 919 2868 Saxoniae
938 2790 1120 2865 Ioannem

130 2903 176 2983 F
172 2903 364 2978 tidericum
377 2920 441 2979 etc.
454 2926 570 2995 nuper
582 2898 880 2973 testati-similiter.
904 2894 1120 2989 Quanquam

129 3012 220 3083 aliae
241 3010 414 3103 quaedam
435 3004 681 3077 oeconomicae
706 2996 966 3071 controversiae
987 2997 1020 3065 ei
1039 3018 1119 3066 cum

130 3112 339 3185 Caleusibus
355 3110 519 3192 luerunt,
550 3118 667 3175 tamen
683 3102 880 3172 doctrinam
897 3123 1002 3168 uemo
1018 3122 1120 3167 accu-

132 3240 209 3286 sare
230 3214 371 3306 poterit.
431 3208 508 3280 lmo
529 3208 659 3277 scimus
685 3231 767 3274 euru
786 3206 954 3273 adversus
975 3196 1120 3268 Arraba-

130 3319 275 3412 ptistas,
317 3336 471 3409 quorum
491 3310 642 3380 examini
667 3303 848 3378 adhibitus
869 3303 956 3383 luit,
996 3301 1122 3371 acriter

132 3425 360 3511 depugnasse.
412 3412 532 3502 Quare
554 3407 649 3481 huuc
666 3403 872 3499 Philippum
895 3404 1122 3475 commenda-

133 3546 213 3590 mus
237 3518 339 3589 bouis
363 3516 451 3584 viris
475 3514 660 3596 omnibus,
698 3525 732 3581 et
758 3529 936 3599 rogamus,
977 3518 1017 3576 ut
1040 3527 1120 3573 euni

136 3640 303 3714 tauquam
332 3616 467 3687 socium
491 3628 630 3684 nostrae
651 3609 829 3682 Ecclesiae
858 3623 893 3681 et
918 3606 1123 3689 sententiae,

136 3748 242 3817 quam
258 3746 333 3791 nou
350 3717 499 3785 dulrium
521 3729 573 3784 est
596 3738 670 3785 esse
696 3735 905 3783 consensum
920 3704 1122 3779 Catholicae

135 3824 313 3897 Ecclesiae
327 3816 474 3898 Christi,
498 3817 785 3906 complectantur.
837 3810 928 3881 Nam
945 3834 1025 3879 cum
1041 3832 1124 3877 errr-

137 3930 273 4002 ditioue
287 3942 321 3998 ct
331 3923 499 3995 facilitate
512 3918 654 3988 dicendi
669 3941 740 3986 nou
754 3914 1010 3985 contemnenda
1021 3932 1125 4002 prae-

137 4034 233 4102 ditus
246 4032 301 4114 sit,
325 4042 359 4097 et
374 4038 466 4095 recte
480 4021 628 4105 sentiat,
651 4016 782 4111 poterit
802 4012 977 4087 Ecclesiae
989 4012 1126 4083 utiliter

137 4132 280 4203 servire.
336 4128 493 4197 Maxime
518 4137 636 4193 autem
663 4119 849 4191 conveniet
880 4118 967 4187 tales
997 4138 1125 4206 prove-

138 4230 242 4315 here,
268 4231 329 4323 qui
344 4232 387 4329 ad
405 4226 675 4318 explicationem
689 4220 875 4312 Evangelii
893 4218 1013 4288 idonei
1030 4229 1125 4289 suut.

138 4330 459 4437 Data-evitebergae
476 4328 539 4400 50.
555 4328 612 4396 die
629 4321 799 4396 Octobris
816 4319 925 4397 1542.

953 4736 1124 4859 Q

304 5006 310 5023 ,
409 4924 546 5007 Nicol.
577 4914 853 5025 Amedorfc'o.

206 5104 326 5179 Epistola
347 5103 544 5172 nuncupatoria
565 5120 579 5155 a
601 5100 776 5181 Melanthos-re
799 5100 861 5152 Vite
880 5095 1026 5149 Theodoro
1047 5114 1126 5165 prae-

237 5178 407 5298 ttft’tat'
428 5168 819 5293 diii.il;.i¹‘.¹.²l'iiir'r⁸0?⁶
841 5165 1124 5289 attestata·

237 5352 255 5379 „
266 5268 381 5365 ilicium
397 5310 570 5378 prophetam,
594 5306 725 5360 collectus
742 5326 772 5358 cr
788 5274 1014 5385 prriilectionibps
1030 5300 1121 5357 lieve-

235 5382 338 5451 „ceudi
360 5380 443 5452 petris
462 5377 574 5432 blsrtiui
593 5376 719 5444 Lutberi,
750 5395 825 5431 uuuc
843 5392 964 5445 prrumm
982 5392 1011 5425 ru
1030 5374 1118 5429 lucem

681 192 1120 275 EPISTOLARUM
1174 198 1285 278 ΗΒ.
1317 198 1382 279 lx.
1435 198 1572 275 1542.

1260 367 1374 450 „editur
1396 386 1445 439 per
1463 366 1505 423 M.
1519 366 1615 424 Vitam
1630 366 1825 439 Theodorum,
1848 368 2084 427 concionatorem
2096 368 2149 425 tto·

1258 436 1378 505 „nuber
1410 436 1521 492 asem!
1557 436 1683 493 Witteb.
1704 438 1781 493 1⁵42.
1798 442 1824 495 ts
1866 436 1932 493 vit.
1950 436 2107 493 Walchius
2127 442 2150 493 in

1261 524 1327 577 opp.
1340 503 1391 585 but
1411 544 1419 561 .
1432 503 1465 561 T.
1478 504 1525 560 Vl.
1539 524 1565 577 p.
1577 506 1621 560 26.
1636 506 1747 589 praelat,
1766 534 1801 590 ''.'
1827 507 1919 562 Aliam
1935 510 2151 589 posteriores·

1260 572 2150 715 fisblt‘t'trffittttttttbb'}ttt'ttttft‘tattat:

1261 729 1330 781 quae
1342 720 1433 766 eutem
1447 732 1482 767 sn
1496 712 1628 780 prodierit
1642 713 1746 769 nescio.
1764 742 1796 757 -
1832 713 1978 787 Descripsi
1997 732 2062 767 esur
2075 713 2115 771 bic
2124 732 2149 769 er

1262 798 1326 853 opp.
1339 780 1418 837 Lutb.
1432 778 1465 835 Τ.
1476 779 1526 837 tV.
1543 800 1571 854 p.
1583 780 1670 837 4281).

1158 930 1476 1009 Revereadissimo
1504 934 1673 1009 Domino
1700 932 1907 1011 Nicolao
1937 934 2145 1011 Amsdor-

1152 1038 1188 1139 s
1189 1037 1205 1109 i
1211 1064 1250 1122 o,
1275 1036 1463 1137 Episcopo
1476 1038 1667 1111 Ecclesiae
1677 1035 2010 1137 Naumbnrgeasis
2027 1040 2066 1112 ia
2080 1038 2146 1113 Ta·

1161 1139 1310 1236 magia,
1343 1136 1511 1213 doctrina
1536 1152 1569 1213 et
1593 1142 1728 1241 pietate
1746 1144 1979 1240 praestanti,
2021 1141 2067 1219 V
2066 1144 2144 1215 itas

1160 1238 1456 1333 Theodorus,
1488 1238 1738 1317 Coacioaator
1759 1242 1953 1319 Ecclesiae
1976 1240 2144 1321 Norila-

1589 1372 1727 1444 gensis.

1160 1460 1204 1553 S·
1230 1476 1276 1553 D.
1326 1478 1439 1573 Saepe
1454 1475 1567 1566 mihi,
1590 1484 1758 1574 cogitanti
1774 1484 1818 1555 de
1833 1478 2016 1556 Ecclesiae
2030 1484 2146 1577 gober-

1161 1583 1327 1667 natione,
1366 1582 1465 1652 veuit
1491 1584 1529 1652 in
1557 1601 1711 1657 mentem
1736 1587 1962 1657 dulcissimae
1984 1588 2147 1675 imaginis,

1163 1710 1231 1781 qua
1246 1684 1341 1755 filius
1356 1681 1423 1754 Dei
1439 1684 1554 1775 pingit
1569 1698 1602 1755 et
1621 1710 1726 1757 suum
1747 1712 1876 1757 munus
1902 1702 1937 1759 et
1963 1688 2148 1787 ministros,

1163 1785 1313 1857 recitans
1337 1782 1522 1857 historiam
1546 1788 1590 1857 de
1605 1787 1845 1873 Samaritano,
1875 1790 1938 1883 qui
1960 1790 2147 1861 sauciatum

1163 1914 1185 1959 a
1206 1889 1407 1959 latronibus
1429 1888 1672 1959 semianimem
1695 1904 1732 1961 ct
1750 1890 1839 1962 fovit
1858 1890 1950 1983 ipse,
1985 1906 2022 1963 et
2041 1903 2150 1962 traus-

1163 1990 1258 2060 vexit
1284 1989 1339 2059 in·
1354 1990 1608 2077 diversorium,
1648 2016 1688 2063 ac
1715 1992 1832 2063 curari
1851 1992 1968 2067 iussit.
2029 1990 2151 2063 lucidit

1164 2092 1260 2161 euim
1283 2104 1409 2162 natura
1433 2086 1591 2163 hominis
1613 2094 1652 2162 in
1674 2094 1895 2164 saevissimos
1920 2094 2095 2181 latrones,
2131 2118 2149 2163 a

1165 2193 1295 2287 quibus
1317 2193 1508 2263 crudeliter
1529 2211 1565 2266 et
1586 2195 1769 2266 vulnerata
1786 2208 1821 2265 et
1832 2196 1986 2287 spoliata
1999 2211 2061 2265 est.
2108 2192 2151 2265 Et

1167 2296 1336 2363 iacentem
1350 2294 1389 2363 iu
1406 2296 1475 2379 via,
1499 2288 1567 2366 hoc
1582 2310 1646 2381 est,
1671 2320 1873 2389 oppressam
1889 2311 2057 2368 naturam
2075 2292 2151 2367 hor-

1166 2396 1286 2467 rendis
1309 2396 1567 2465 calamitatibus
1587 2398 1846 2488 praeterierunt
1860 2400 2027 2469 sacerdos
2044 2413 2077 2469 et
2093 2398 2153 2469 Le·

1167 2498 1259 2582 vita,
1289 2492 1357 2566 hoc
1376 2510 1446 2583 est,
1476 2496 1654 2569 Mosaicae
1671 2500 1758 2591 legis
1773 2513 1806 2569 et
1823 2500 2018 2591 sapientiae
2035 2494 2152 2569 burru-

1168 2624 1233 2668 nae
1255 2601 1432 2683 doctores,
1472 2596 1565 2671 nihil
1589 2600 1667 2693 opis
1689 2602 1808 2691 generi
1839 2596 2001 2673 humano
2032 2600 2153 2671 attule-

1167 2713 1264 2775 runt.
1322 2699 1392 2772 Sed
1416 2697 1543 2791 hospes
1568 2702 1760 2775 intervenit
1783 2698 1967 2786 Christus,
2006 2704 2038 2774 is
2059 2704 2154 2793 erigit

1168 2802 1407 2886 semianimes,
1436 2803 1551 2875 abluit
1572 2806 1720 2875 vulnera
1737 2805 1823 2874 vino
1838 2820 1874 2876 et
1888 2806 2051 2878 iufundit
2067 2804 2153 2873 salu-

1167 2904 1363 2975 berrimum
1379 2904 1509 2978 oleum.
1558 2902 1707 2978 Etcum
1731 2907 1904 2977 sarcinam
1924 2930 2070 2995 gravem
2094 2930 2154 2975 uo-

1168 3020 1322 3076 strorum
1337 3006 1528 3076 criminum
1543 3030 1608 3077 stro
1626 3008 1765 3101 corpori
1784 3008 2020 3099 imposuisset,
2047 2998 2152 3077 traus-

1169 3102 1268 3177 vehit
1288 3131 1409 3196 aegros
1432 3109 1468 3177 iu
1494 3110 1749 3195 diversorium,
1781 3102 1943 3193 lanceat,
1976 3110 2015 3179 iu
2038 3106 2153 3179 Eccle-

1169 3210 1277 3289 siam,
1308 3234 1348 3279 ac
1371 3210 1542 3301 praecipit
1558 3212 1731 3297 familiae,
1767 3206 1835 3280 hoc
1857 3224 1925 3295 est,
1956 3210 2154 3280 (luctatibus

1168 3307 1374 3398 Evangelii,
1416 3327 1457 3382 ut
1488 3313 1712 3383 curationem
1738 3312 2002 3383 administrent.
2063 3310 2151 3401 Quid

1170 3412 1310 3481 dulcius
1324 3413 1470 3502 cogitari
1486 3426 1610 3506 potest,
1636 3438 1741 3507 quam
1756 3414 1787 3483 si
1802 3416 2007 3484 consideres
2023 3434 2154 3505 expres·

1170 3538 1245 3583 sam
1272 3515 1310 3582 iu
1335 3509 1401 3585 hac
1423 3515 1574 3603 imagine
1599 3516 1882 3585 benevolentiam
1903 3516 1969 3585 filii
1992 3512 2061 3583 Dei
2083 3536 2153 3601 erga

1170 3638 1280 3707 genus
1294 3610 1514 3686 humanum?
1562 3615 1632 3687 Sed
1655 3640 1778 3687 rursus
1796 3641 1877 3685 cum
1901 3618 2028 3687 oculus
2050 3616 2092 3685 ad
2107 3616 2155 3683 cli-

1172 3716 1366 3786 versorium
1385 3720 1514 3803 celero,
1539 3729 1574 3788 et
1590 3720 1694 3790 video
1714 3719 1834 3789 omnia
1854 3718 1961 3810 plena
1985 3742 2061 3789 esse
2080 3712 2154 3787 hor·

1171 3818 1331 3888 ribilium
1346 3819 1572 3903 morborum,
1595 3837 1628 3891 et
1643 3819 1862 3890 circationem
1880 3819 2078 3904 difficilem,
2101 3842 2154 3911 pe-

1171 3919 1379 4005 riculosam,
1414 3922 1570 3991 medicos
1592 3921 1852 4007 dissimilimos,
1892 3936 1972 3993 tum
1999 3945 2083 3991 vere
2105 3946 2153 3989 oo·

1173 4017 1338 4092 horresco
1362 4035 1437 4093 toto
1463 4047 1631 4114 corpore,
1681 4022 1833 4113 Qualem
1859 4022 1946 4107 nos,
1980 4024 2047 4117 qrri
2071 4044 2157 4093 nunc

1173 4120 1544 4210 docemusEcclesias,
1576 4124 1807 4197 Germaniam
1827 4124 2024 4216 accipimus
2039 4148 2157 4195 curau-

1173 4226 1278 4311 daut,
1315 4226 1528 4297 saevissimis
1553 4230 1710 4318 prolecto
1731 4227 1866 4298 morbis
1890 4226 2158 4297 conflictantem.

1174 4326 1265 4397 Nam
1286 4340 1328 4399 ut
1347 4328 1392 4397 de
1414 4328 1635 4417 singulorum
1658 4328 1754 4399 vitiis
1772 4352 1846 4398 nou
1868 4328 2009 4409 dicam,
2036 4340 2159 4423 quanta

1175 4442 1259 4498 suut
1291 4428 1543 4520 impedimenta
1574 4429 1769 4501 curationis
1793 4428 2006 4523 tyrannides
2035 4452 2161 4509 conam,

1167 4530 1238 4626 ·qui
1258 4527 1454 4619 Evangelio
1475 4530 1733 4603 adversantur?
1782 4526 1984 4621 Epicureus
2011 4546 2162 4599 coutem-

1177 4646 1257 4725 ptus
1271 4656 1375 4703 verae
1392 4634 1574 4722 religionis
1589 4634 1627 4702 in
1643 4634 1794 4727 populo,
1820 4632 2027 4701 calumniae
2043 4628 2161 4723 impio-

1176 4759 1257 4804 rum
1273 4733 1471 4821 doctorum,
1493 4731 1611 4817 Eccii,
1635 4730 1755 4829 tagit
1766 4748 1800 4805 et
1816 4733 2007 4817 similium,
2033 4734 2095 4827 qrri
2108 4736 2163 4801 de-

1178 4847 1308 4905 terrent
1324 4836 1460 4905 animos
1478 4836 1724 4929 imperitorum
1745 4861 1764 4906 a
1788 4860 1876 4929 pura
1900 4836 2088 4915 doctrina,
2110 4857 2163 4925 pc-

1177 4938 1327 5008 tulantia
1346 4938 1570 5025 ingeniorum
1593 4940 1629 5009 iu
1651 4936 1788 5021 sciolis,
1815 4936 1978 5030 quinon
2003 4936 2163 5007 desinunt

1176 5040 1389 5109 conturbare
1405 5039 1572 5131 limpidas
1586 5043 1701 5112 suentes
1716 5036 1926 5129 Evangelii,
1951 5042 2053 5133 quud
2069 5048 2164 5108 sonat

1175 5142 1212 5208 iu
1230 5138 1397 5211 Ecclesiis
1413 5144 1554 5215 nostris.
1605 5142 1679 5214 Nos
1703 5140 1866 5226 iuterim,
1898 5164 1983 5209 vere
2008 5155 2052 5211 ut
2064 5135 2163 5211 Chri·

1173 5257 1247 5311 stus
1261 5244 1397 5337 inquit,
1419 5244 1569 5333 pusillus
1583 5268 1683 5333 grex,
1709 5244 1794 5336 quid
1812 5244 1986 5335 prolicere
2000 5244 2162 5315 rescindo,

1170 5339 1237 5417 boc
1251 5359 1323 5431 est,
1348 5348 1527 5418 mouendo
1541 5374 1583 5416 ac
1596 5350 1757 5417 docendo
1773 5346 1993 5437 possumus?
2045 5343 2085 5415 Si
2104 5348 2162 5411 hu·
