4522 5752
96 190 180 267 aas
427 258 432 267 ,
541 236 544 241 -
670 116 1111 263 netsronnnun
1160 180 1273 262 arn
1304 181 1407 264 v111.
1459 181 1595 265 1541.
2078 176 2155 275 aas

98 362 179 435 lum
206 358 360 455 imponit
381 358 484 437 illam
508 380 609 431 mam
629 349 842 454 iepupga'cv,
869 356 909 438 id
934 369 1004 444 est,
1028 353 1104 429 lie·
1158 352 1241 445 Quo
1259 357 1354 427 enim
1368 380 1441 429 esse
1456 358 1577 431 animo
1592 358 1782 447 debebam,
1807 387 1888 435 cum
1903 364 2061 439 viderem
2082 386 2153 444 sta.

97 488 215 557 mum
235 462 477 536 Pontificium.
533 458 604 531 Hic
628 460 786 551 primum
809 461 983 546 ostendit,
1013 457 1102 553 qatid
1156 458 1255 530 biliri
1273 474 1408 532 veteres
1425 484 1572 548 errores,
1597 474 1633 532 et
1648 463 1833 535 nobiscum
1851 467 1998 541 minime
2012 494 2054 542 eo
2067 498 2153 544 can·-

100 582 209 643 voest
223 562 430 637 Ecclesiam.
461 558 599 653 Alligat
612 562 708 633 enim
729 586 807 633 eam
822 564 866 632 ad
881 562 1101 634 ordinariam
1154 562 1242 631 dore
1263 562 1340 652 agi,
1381 587 1485 656 quem
1511 566 1589 655 pios
1615 579 1790 656 praestare
1814 568 1937 639 decet?
1984 570 2151 647 Habeant

97 668 360 743 musmonem
390 662 651 757 Episcoporum
688 676 724 735 et
757 665 804 734 ad
837 666 930 755 leges
967 688 1101 737 eorum.
1155 663 1224 733 sibi
1239 688 1338 733 suam
1354 666 1558 736 daedaleam
1582 668 1748 751 domum,
1774 694 1901 760 regna,
1927 673 2075 747 iniustas
2097 679 2149 749 le-

98 768 170 845 nir
193 792 267 841 esse
288 784 447 854 coetum,
476 766 517 837 in
535 790 608 860 quo
629 784 723 837 unus
742 766 790 840 sit
808 760 1006 839 Monarcha
1022 764 1100 838 Ro·
1153 788 1233 854 ges,
1257 767 1517 857 superstitiosos
1531 770 1666 854 cultus,
1692 765 1975 865 elelwlopenve'ec,
1999 782 2147 871 aucupia

98 894 235 945 manus
257 870 420 955 antistes,
457 869 547 939 dans
568 880 777 961 potestatem
800 869 953 941 docendi
979 882 1014 941 et
1037 868 1100 937 ad·
1150 869 1342 959 pecuniae,
1375 870 1509 941 luxum.
1560 868 1658 959 Quid
1686 873 1859 945 attineta
1893 879 1996 948 nobis
2027 895 2146 971 petere

98 972 336 1047 ministrandi
351 968 579 1043 Sacramenta
599 969 747 1041 caeteris
758 994 833 1063 -per
846 973 1000 1062 gradus,
1030 963 1099 1040 hoc
1152 993 1274 1041 earum
1292 968 1412 1039 reru'm
1426 973 1743 1062 adprobationem?

99 1072 413 1168 ast,.Episcopis,
446 1087 480 1145 et
500 1072 629 1143 deinde
646 1072 878 1143 inferioribus
898 1070 1098 1143 Sacerdoti·
1252 1067 1332 1141 Etsi
1356 1086 1474 1143 autem
1503 1075 1608 1144 toties
1634 1075 1703 1143 iam
1738 1076 1902 1148 audimus
1934 1095 1968 1150 et
1995 1082 2150 1174 legimus¹

99 1180 192 1263 bnt,
215 1190 252 1249 et
275 1177 433 1247 condens
454 1175 568 1263 leges,
593 1186 636 1245 ut
659 1174 754 1245 liber
772 1174 951 1268 loquitur,
973 1175 1021 1243 ad
1039 1197 1098 1243 ex·
1151 1173 1345 1243 multorum
1365 1175 1542 1245 orationes
1564 1176 1719 1266 speciose
1746 1191 1781 1246 et
1807 1179 2042 1270 plausibiliter
2058 1210 2144 1256 con·
2195 1252 2198 1257 .

101 1280 282 1357 citandam
306 1277 473 1368 pietatem
498 1289 534 1347 et
555 1275 772 1347 fulciendam
794 1278 912 1351 fidem.
968 1271 1017 1345 Et
1034 1277 1098 1346 ad·
1151 1275 1332 1344 cionantes
1347 1277 1391 1345 dc
1413 1277 1559 1363 ordine,
1585 1279 1629 1348 de
1655 1278 1806 1350 vinculis
1828 1282 1943 1353 bonae
1966 1288 2144 1373 guberna-

101 1382 181 1467 dit‚
202 1379 388 1453 vinculum
403 1377 604 1449 dilectionis
628 1376 776 1449 aPaulo
791 1378 910 1449 vocari
926 1377 1097 1448 obedien·
1150 1376 1260 1447 tionis
1291 1392 1325 1447 et
1354 1378 1579 1470 disciplinae,
1623 1392 1656 1448 et
1686 1381 1889 1471 colligentes
1919 1384 2142 1461 incommoda

101 1485 194 1557 tiam
206 1481 452 1575 praestandam
467 1475 654 1571 Episcopis
675 1480 858 1550 ordinaria
879 1478 1098 1551 successione
1151 1502 1241 1572 quae
1265 1493 1479 1572 sequuntur,
1511 1481 1541 1549 si
1564 1482 1658 1571 leges
1677 1477 1936 1575 Episcoporum
1961 1490 2142 1580 negligan-

101 1583 339 1677 regnantibus
371 1595 406 1653 et
434 1603 557 1651 eorum
584 1581 734 1671 legibus.
798 1580 911 1672 Negat
932 1604 1006 1651 esse
1027 1576 1099 1650 Ec·
1150 1594 1231 1661 tur,
1262 1581 1292 1649 si
1318 1605 1390 1650 non
1414 1597 1595 1653 coerceant
1615 1578 1784 1674 Episcopi
1805 1586 1948 1658 iudiciis
1968 1604 2001 1659 et
2017 1597 2140 1682 poeuis

104 1686 260 1771 telesiam,
285 1698 424 1756 coetum
437 1706 514 1753 non
532 1683 834 1774 obtemperantem
850 1678 934 1755 huic
948 1680 1098 1753 Monar·
1149 1677 1404 1753 Ecclesiasticia
1434 1678 1621 1754 hominum
1643 1687 1894 1777 petulantiam,
1929 1705 2047 1762 tamen
2072 1690 2141 1765 ho·

103 1782 192 1859 chae
213 1800 250 1859 et
263 1785 409 1857 caeteris
425 1784 604 1856 ordinaria
626 1785 844 1856 successione
856 1785 1099 1876 regnantibus,
1149 1783 1345 1854 nestissime
1368 1807 1505 1877 semper
1529 1798 1565 1856 et
1586 1786 1809 1876 gravissime,
1835 1803 1869 1860 et
1891 1794 2013 1861 eodem
2032 1800 2138 1868 modo

104 1902 212 1980 negat
235 1910 309 1959 esse
335 1886 574 1957 ministerium
595 1881 786 1976 Evangelii
812 1902 847 1958 et
879 1885 1098 1957 remissionis
1150 1885 1417 1978 respondimus,
1449 1910 1525 1956 non
1547 1888 1748 1976 belligerari
1768 1914 1834 1959 nos
1861 1917 1941 1961 cum
1963 1891 2140 1969 Ecclesia-

104 2003 348 2085 peccatorum‚
383 1988 460 2058 sine
481 1987 668 2058 autoritate
688 1989 813 2061 talium
839 1986 1096 2081 Episcoporum
1149 1988 1235 2060 stica
1255 1987 1391 2079 politia.
1450 1987 1520 2059 Sed
1542 2013 1622 2060 cum
1636 1987 1805 2083 Episcopi
1822 1992 1995 2065 sinceram
2018 1995 2140 2070 Evau-

103 2091 287 2163 ordinaria
302 2090 519 2161 successione
534 2089 768 2179 regnantium.
799 2089 897 2163 Haec
912 2086 1099 2185 estiepep-
1149 2089 1233 2180 gelii
1253 2089 1450 2161 doctrinam
1477 2090 1699 2181 improbent,
1731 2116 1810 2162 cum
1835 2094 2049 2169 interficiant
2070 2128 2138 2172 no-

100 2189 185 2289 χία,
212 2217 319 2287 quam
342 2191 536 2284 pingit,'et
557 2190 736 2281 fastigium
761 2189 958 2277 Ecclesiae,
990 2216 1098 2285 quam
1149 2202 1239 2261 stros
1261 2191 1484 2277 Sacerdotes,
1522 2188 1685 2263 homines
1708 2194 1785 2284 pios
1810 2209 1846 2265 et
1869 2199 2044 2286 eruditos,
2077 2230 2139 2274 ne-

99 2294 247 2370 attuit.
295 2291 346 2365 Et
359 2306 400 2365 ut
414 2291 560 2382 Virgilii
573 2293 693 2364 verbis
708 2306 806 2364 utar:
834 2292 905 2364 Hic
919 2295 1022 2364 labor
1037 2293 1098 2362 ille
1149 2316 1242 2363 cesse
1265 2307 1318 2364 est
1341 2317 1407 2363 nos
1431 2290 1589 2383 Regulae
1609 2292 1782 2365 Paulinae
1802 2299 2060 2391 obtemperare:
2098 2306 2139 2377 Si

102 2400 253 2483 (Ιοωυι,
283 2407 319 2467 et
344 2394 600 2465 inextricabilis
627 2417 738 2468 error.
788 2392 832 2465 ln
853 2391 946 2466 hanc
969 2396 1097 2465 daeda-
1148 2395 1229 2488 quis
1241 2394 1341 2465 aliud
1358 2392 1593 2485 Evangelium
1609 2398 1722 2483 docet,
1747 2393 1930 2471 anathema
1945 2403 2001 2477 sit.
2025 2403 2140 2477 Dein.

105 2501 203 2571 leam
223 2498 372 2569 domum
396 2496 624 2567 introducere
650 2519 734 2578 nos,
771 2496 859 2589 quid
885 2512 960 2570 erat
986 2497 1097 2582 aliud,
1149 2499 1193 2566 de
1213 2497 1299 2590 quid
1317 2498 1361 2565 de
1376 2495 1518 2567 iudiciis
1535 2500 1748 2569 asmodeus
1771 2525 1867 2570 nunc
1890 2504 2140 2579 declamitant?

101 2623 215 2695 quam
235 2598 414 2691 postulare
436 2597 742 2681 confirmationem
763 2622 925 2669 errorum
947 2598 1097 2689 Pontifi-
1150 2597 1426 2692 QrtasSynodos
1441 2592 1574 2669 hahent
1589 2599 1724 2670 tetiam
1739 2603 1866 2671 seculis
1887 2606 1930 2673 de
1953 2608 2137 2680 doctrina?

100 2702 264 2785 ciorum,
280 2713 323 2772 -et
344 2700 678 2771 condemnationem
702 2713 904 2771 nostrarum
922 2697 1096 2771 Ecclesia·
1150 2698 1305 2789 Quando
1320 2702 1522 2781 concedunt
1535 2700 1605 2792 piis
1622 2713 1656 2770 et
1673 2703 1786 2773 doctis
1802 2704 1998 2783 libertatem
2015 2711 2137 2781 dicen-

101 2828 209 2889 turn,
241 2802 432 2896 inquibus
455 2801 674 2872 cumluceat
696 2798 1096 2875 verodoctrinaEvan·
1149 2803 1214 2874 dae
1237 2801 1456 2873 sentcntiae?
1507 2801 1608 2892 Quae
1630 2803 1760 2873 iudicia
1783 2820 1944 2876 exercent
1967 2812 2011 2879 de
2028 2818 2139 2884 mori-

100 2904 209 2995 gelii,
233 2916 368 2975 certum
380 2915 433 2974 est
446 2926 505 2973 eas
527 2915 701 2974 extructas
721 2925 793 2973 esse
814 2927 920 2995 super
943 2904 1097 2995 lapidem
1148 2904 1240 2975 hus?
1290 2901 1423 2991 Quales
1446 2917 1530 2973 sunt
1558 2905 1596 2973 in
1617 2906 1776 2993 collegiis
1801 2932 1918 2979 mores
1939 2908 2138 2999 Canonico-

100 3005 330 3095 angularem,
365 3003 500 3075 Filium
524 3002 610 3090 Dei,
643 3016 678 3075 et
706 3018 749 3077 ut
765 3004 898 3077 Paulus
928 3005 1099 3098 loquitur,
1149 3005 1255 3075 rrum?
1278 3030 1341 3075 cur
1357 3003 1409 3073 ibi
1423 3006 1529 3075 silent
1544 3006 1700 3097 ipsorum
1717 3010 1808 3098 leges
1822 3024 1856 3081 et
1874 3011 2028 3083 iudicia?
2067 3018 2137 3089 Sed

101 3130 211 3201 supra
231 3106 504 3177 fundamentum
531 3104 805 3199 Apostolorum,
831 3120 866 3179 et
887 3131 960 3177 esse
975 3103 1098 3177 Eccle-
1148 3107 1231 3177 illae
1251 3106 1455 3197 magnificae
1477 3108 1666 3179 conciones
1689 3111 1733 3179 de
1756 3109 1883 3181 ordine
1905 3125 1939 3182 et
1962 3117 2008 3185 de
2031 3118 2133 3189 disci.

101 3210 195 3283 siam
208 3204 298 3295 Dei,
328 3208 367 3277 in
390 3232 459 3302 qua
481 3205 580 3277 Deus
602 3206 705 3280 Pater
719 3205 868 3279 Domini
886 3208 1002 3279 nostri
1019 3205 1097 3278 lesu
1150 3209 1250 3300 plina
1269 3221 1371 3297 sunt,
1396 3223 1437 3279 ut
1457 3221 1560 3279 vocat
1584 3203 1830 3303 Thucydides,
1856 3218 1982 3311 σχῆμα
2000 3223 2138 3292 πολιτι-

101 3306 242 3385 Christi
263 3334 345 3380 rere
368 3309 573 3395 invocatur,
603 3322 639 3379 et
661 3324 830 3402 perpetuo
850 3310 1098 3383 celebrabitur.
1147 3305 1217 3395 aeds
1238 3313 1308 3387 τοῦ
1328 3303 1465 3407 λόγου,
1490 3306 1558 3383 hoc
1577 3325 1644 3395 est,
1668 3306 1809 3382 honesti
1835 3329 2034 3404 praetextus
2057 3345 2139 3411 pra.

102 3412 210 3503 Quae
228 3424 318 3483 esset
332 3411 511 3502 impietas,
534 3413 770 3483 condemnare
786 3407 851 3483 has
863 3411 1061 3485 Ecclesias?
1149 3436 1275 3483 vorum
1290 3412 1534 3485 consiliorum.
1584 3410 1668 3483 Nou
1685 3414 1780 3483 enim
1795 3416 1839 3484 de
1853 3441 1934 3486 vera
1949 3424 2137 3496 autoritate

207 3510 474 3585 Removeantur
510 3513 592 3583 illae
622 3506 860 3584 humanarum
891 3515 1096 3605 politiarum
1147 3508 1514 3605 Episcoporum,-hoc
1529 3527 1596 3598 est,
1621 3515 1665 3583 de
1680 3515 1870 3587 ministerii
1892 3519 2078 3611 dignitate,
2104 3545 2139 3601 ct

101 3614 289 3705 imagines.
328 3612 454 3702 Regna
468 3614 609 3703 alligata
627 3628 709 3685 sunt
727 3616 770 3685 ad
785 3616 1001 3685 ordinariam
1018 3638 1097 3685 suc·
1148 3617 1192 3687 de
1219 3638 1308 3685 cura.
1332 3614 1537 3685 retinendae
1567 3615 1730 3707 puritatis
1756 3612 1960 3708 Evangelii,
1995 3650 2070 3697 non
2093 3632 2137 3701 de

101 3717 317 3799 cessionem,
341 3728 381 3786 ut
396 3714 563 3810 Cambysi
579 3716 745 3785 obeditur
758 3729 925 3809 tanquam
941 3716 1097 3805 legitimo
1148 3717 1379 3787 emendandis
1400 3716 1561 3787 moribus
1587 3730 1623 3787 et
1645 3717 1835 3810 disciplina
1854 3723 2018 3795 omnium
2039 3734 2137 3802 ordi.

102 3818 297 3890 successori
310 3817 422 3909 patris
436 3815 540 3910 Cyri,
574 3816 640 3885 etsi
654 3816 751 3889 filius
763 3818 945 3887 dissimilis
968 3831 1020 3887 est
1033 3841 1096 3909 pa·
1147 3842 1257 3905 num,
1278 3821 1341 3889 sed
1355 3820 1399 3887 de
1420 3817 1642 3889 stabiliendis
1662 3822 1843 3893 erroribus
1868 3836 1903 3893 et
1924 3824 2063 3900 iniustis
2084 3834 2135 3904 le-

102 3919 167 3995 tri.
217 3917 261 3989 ln
281 3914 438 3989 Ecclesia
463 3919 531 3987 alia
550 3940 607 3988 res
627 3931 688 3993 est.
746 3917 841 3989 Haec
863 3920 997 4010 regitur
1018 3919 1095 3989 luce
1147 3922 1251 4011 gibus
1284 3919 1472 4003 dimicant,
1512 3944 1601 4013 quae
1639 3936 1722 3991 suut
1755 3924 1858 3992 nervi
1891 3930 2069 4015 potentiae
2102 3953 2135 4010 er

99 4018 311 4110 Evangelii,
345 4021 540 4113 quodcum
564 4042 639 4095 nun
658 4019 832 4091 retinetur
852 4021 891 4091 in
914 4020 1094 4091 ordinaria
1147 4044 1267 4113 opum.
1333 4019 1486 4090 Memini
1510 4024 1705 4093 multorum
1730 4026 1928 4115 sapientum
1955 4052 2135 4107 sermones

101 4121 342 4203 successione,
368 4120 581 4213 ubicumque
596 4121 724 4208 fulget,
744 4121 796 4193 ibi
810 4124 1095 4211 amplectendum
1147 4126 1189 4193 de
1204 4119 1381 4191 Ecclesiae
1395 4122 1613 4208 vulneribus,
1629 4123 1692 4216 qui
1707 4127 1941 4213 agnoscebant
1956 4133 2136 4210 doctrinae

104 4238 140 4295 et
163 4223 385 4316 sequendum
408 4233 477 4305 est,
507 4234 548 4292 ut
573 4217 735 4292 Christus
761 4223 827 4293 ait:
871 4218 968 4292 Oves
997 4247 1096 4293 meae
1147 4226 1262 4297 lontes
1285 4225 1443 4293 turbatos
1465 4218 1605 4319 esse*),
1646 4240 1679 4295 et
1703 4226 1880 4298 invectum
1905 4254 1926 4299 a
1947 4230 2136 4311 Monachis

103 4348 230 4399 vocem
258 4346 372 4393 meam
396 4321 558 4394 audiunt.
615 4319 755 4393 Deinde
779 4323 818 4393 in
843 4322 904 4393 illa
929 4324 1095 4397 daedalea
1147 4325 1328 4399 doctrinae
1354 4348 1463 4413 genus
1492 4325 1528 4393 in
1553 4323 1765 4412 Ecclesiam,
1802 4332 1930 4420 partim
1956 4354 2134 4428 sumptum

104 4412 214 4498 domo
227 4424 396 4497 tribuitur
418 4420 769 4515 potestasEpiscopis
792 4425 971 4495 condendi
992 4426 1096 4517 leges,
1147 4453 1190 4498 ex
1212 4427 1389 4498 inerudita
1414 4421 1663 4517 Philosophia,
1703 4429 1832 4518 partim
1859 4456 1900 4501 ex
1923 4431 2135 4516 Pharisaicis

99 4539 356 4623 proponuntur
376 4524 511 4617 Legum
534 4526 693 4609 tabulae,
724 4528 769 4595 de
789 4526 965 4599 coelibatu
988 4527 1095 4597 mini·
1145 4527 1472 4621 superstitionibus,
1501 4528 1732 4617 deplorabant
1745 4528 1927 4621 Liturgiae
1947 4537 2033 4610 vitia
2055 4545 2136 4633 plu.

103 4644 281 4713 atrorum,
305 4628 350 4699 de
364 4628 475 4713 votis,
499 4628 543 4695 de
559 4624 752 4697 Missarum
767 4629 1025 4721 adplicatione,
1050 4631 1094 4698 de
1145 4632 1248 4715 rima,
1269 4630 1580 4699 detestabantur-et
1587 4625 1737 4718 Regiam
1754 4632 2033 4711 dominationem
2046 4641 2137 4738 Epi.

103 4728 313 4802 invocandis
334 4728 500 4814 mortuis,
529 4730 575 4797 de
596 4730 740 4799 caeteris
761 4730 1014 4819 superstitiosis
1036 4754 1095 4799 ce·
1145 4730 1510 4823 scoporumetluxum
1525 4730 1766 4819 collegiorum.
1790 4732 1860 4805 Sed
1877 4731 2059 4815 haecmala
2073 4775 2137 4839 po.

102 4832 287 4905 remoniis.
330 4829 398 4899 His
412 4830 474 4924 qui
490 4830 727 4921 obtemperat,
749 4830 892 4902 ducitur
915 4854 987 4901 esse
1008 4830 1095 4900 civis
1146 4835 1217 4905 tius
1227 4832 1410 4904 toleranda
1423 4854 1496 4901 esse
1506 4832 1681 4918 dicebant,
1696 4857 1803 4926 quam
1812 4836 2006 4913 faciendam
2018 4841 2135 4945 drap.

103 4934 214 5007 huius
236 4930 433 5015 Ecclesiae,
461 4943 615 5001 caeteros
635 4931 729 5003 liber
749 4945 945 5018 execratur,
977 4946 1012 5004 et
1033 4934 1096 5001 de·
1142 4930 1251 5028 χίαν,
1275 4956 1365 5027 quae
1386 4932 1432 5003 sit
1449 4933 1610 5004 omnium
1629 4934 1806 5010 malorum
1829 4951 2034 5021 extremum.

102 5030 217 5121 trabit
247 5034 297 5103 eis
329 5031 568 5103 ministerium
595 5028 783 5126 Evangelii
812 5047 848 5104 et
878 5031 1095 5104 remissionis
1247 5032 1329 5121 Scio
1345 5028 1432 5104 haee
1447 5034 1628 5124 magnifice
1645 5034 1735 5121 dici,
1757 5050 1792 5108 et
1807 5054 1938 5127 gratam
1955 5070 2026 5116 esse
2044 5046 2135 5124 liant

102 5147 340 5233 peecatorum.
389 5132 483 5204 Nolo
499 5134 538 5202 in
560 5128 627 5203 hoc
648 5137 779 5229 scripto
805 5134 989 5226 indulgere
1014 5159 1094 5208 meo
1147 5139 1343 5212 orationem
1363 5132 1530 5227 Regibus.
1579 5134 1651 5207 Sed
1673 5132 1760 5207 haec
1783 5142 1951 5233 sapientia
1974 5145 2067 5221 nihil
2088 5160 2132 5227 ad

103 5237 241 5322 dolori,
280 5234 344 5328 qui
374 5235 519 5328 quidem
546 5259 566 5304 a
592 5236 714 5308 multis
739 5237 844 5309 bonis
869 5238 976 5320 viris,
1010 5236 1096 5331 ipsis
1142 5290 1349 5309 ...-

103 5342 211 5415 etiam
233 5332 434 5409 architectis
462 5334 570 5408 huius
600 5338 769 5426 aedilicii,
802 5353 1011 5434 conspectus
1033 5352 1095 5410 est.
1182 5358 1360 5432 naseam.
1374 5355 1474 5415 select.
1490 5375 1552 5433 epp.
1570 5356 1692 5416 aalma

130 5442 457 5513 hleidumona.
482 5442 638 5511 ΜΝ.
1296 5428 1349 5503 43
