4522 5752
520 150 524 157 ’
623 192 1063 283 ncrsrouanuu
1114 196 1219 272 um.
1254 196 1356 281 vuc
1409 200 1542 277 ιοιι.
1908 188 1912 199 “
2033 163 2111 287 ιιι

60 366 264 447 Nomi).
332 386 369 406 ··
885 374 1058 498 Q
1114 382 1280 441 ettamen
1294 375 1458 446 meditari
1474 375 1639 471 Synodos
1661 379 1821 466 videtur,
1845 404 1932 477 quas
1956 384 2025 454 iam
2048 408 2108 457 co-

61 465 246 499 *θ’*
430 539 438 558 .
1113 471 1211 561 gnita
1235 479 1460 566 quorundam
1476 502 1516 547 ex
1534 479 1665 550 nostris
1681 482 1846 577 pertidia,
1871 486 2028 575 profecto
2047 510 2108 555 ve-

303 652 306 657 .
379 534 484 623 Veto
516 536 757 627 Thwdoro.
1114 568 1300 648 hernenter
1323 594 1456 655 metuo.
1516 575 1553 650 Ο
1579 605 1701 652 vocem
1721 579 1909 677 Sophoclis
1932 589 2105 659 veriorem

134 682 223 792 ΕΜ
237 716 285 774 „bo
297 715 346 771 w·
360 682 399 789 ¹1²·
409 713 463 771 455
474 734 537 789 ⁸qu
561 749 597 760 -
641 717 694 775 ffie
713 738 743 773 ex
764 715 933 790 autographo
953 716 982 770 in
1002 715 1066 771 cod.
1112 700 1226 763 nnnc,
1252 703 1358 773 quam
1375 706 1454 753 cum
1472 679 1624 751 illesam
1642 682 1680 752 in
1696 679 1833 757 theatro
1852 681 2004 759 Athenis
2025 706 2106 762 ante

171 786 286 843 Menae.
296 785 319 839 1.
340 803 368 859 p.
380 788 441 841 ⁵42.
1112 778 1184 849 duo
1201 780 1313 851 millia
1328 807 1505 854 annorum
1519 787 1785 875 pronunciaret:
1806 782 1963 884 θνήσκει
1983 785 2024 864 di
2043 789 2105 864 πί·
2178 797 2181 801 ’
2211 786 2219 795 '

1112 898 1208 967 στις,
1234 878 1437 977 βλαστάνει
1459 881 1497 957 d'
1516 882 1680 980 dococta.
1732 889 1803 962 Sed
1825 916 1967 963 oremus
1988 891 2103 964 Deum

1111 996 1246 1074 patrem
1269 985 1488 1059 Liberatoris
1509 990 1622 1058 nostri
1646 985 1727 1060 lesu
1748 987 1902 1078 Christi,
1926 1008 1966 1066 ut
1980 991 2104 1065 Eccle-

55 1160 62 1177 .
223 1160 226 1165 Ι
1113 1084 1198 1155 siam
1219 1109 1318 1157 snam
1342 1104 1456 1160 servet
1479 1115 1518 1160 ac
1540 1093 1722 1181 gubernet.
1776 1092 1997 1167 Fasciculum
2021 1097 2103 1168 lite-

65 1162 114 1254 S.
140 1179 187 1257 D.
236 1180 375 1253 Multae
396 1205 452 1251 me
467 1176 704 1255 hortabantur
719 1206 859 1268 causae,
885 1196 925 1252 ut
940 1181 1007 1250 iter
1019 1183 1065 1251 ad
1114 1211 1253 1269 rarum,
1279 1215 1384 1284 quem
1409 1192 1554 1275 addidi,
1579 1194 1720 1262 curabis
1744 1195 1835 1264 tradi
1860 1198 1964 1267 certis
1985 1192 2103 1268 homi-

66 1308 132 1355 vos
147 1284 319 1370 lacerem,
346 1283 529 1354 discedens
546 1309 586 1354 ex
603 1300 792 1357 conventu.
842 1283 934 1354 Nam
955 1297 991 1354 et
1011 1296 1065 1354 ta·
1111 1288 1238 1376 nibus,
1264 1316 1417 1385 quorum
1432 1294 1518 1365 fides
1533 1294 1599 1364 tibi
1614 1297 1803 1387 probatur,
1832 1310 1872 1366 ut
1887 1302 1932 1368 ad
1949 1293 2103 1370 Ioaclu‘-

65 1386 227 1457 bescenti
240 1386 413 1457 dextellae
426 1388 620 1481 quaerendi
635 1401 736 1458 erant
758 1385 905 1471 medici,
931 1397 966 1456 et
986 1386 1063 1477 ipso
1112 1414 1211 1460 mum
1234 1396 1441 1484 perferatur.
1494 1391 1623 1485 Agitur
1645 1397 1740 1466 enim
1766 1400 1810 1467 dc
1835 1423 1877 1470 eo
1892 1405 2100 1472 accersendo

64 1488 168 1560 urbis
184 1502 320 1559 vestrae
334 1501 476 1579 aspectu
492 1489 667 1575 delector,
691 1512 796 1582 quam
819 1513 898 1558 amo
916 1512 955 1557 ac
968 1486 1064 1556 iudi·
1111 1493 1150 1561 in
1162 1489 1389 1567 Academiam
1402 1496 1590 1589 Lipsicam.
1639 1496 1737 1570 Bene
1751 1501 1839 1572 vale.
1868 1499 1935 1573 Die
1954 1506 2009 1575 11.
2025 1500 2102 1575 Au-

67 1614 109 1661 co
124 1613 236 1661 unam
256 1612 330 1661 esse
347 1585 648 1687 ἀριστοκρατίαν,
676 1604 710 1661 et
727 1590 858 1661 artium
873 1603 908 1659 et
923 1589 1063 1660 virtutis
1110 1589 1262 1692 gusti))
1588 1672 1591 1677 ,
2072 1670 2077 1677 ,

66 1689 303 1766 domicilium.
354 1690 425 1764 Sed
452 1694 626 1785 quaedam
648 1716 705 1762 me
737 1691 855 1762 subita
889 1690 1063 1761 maestitia
1550 1695 2052 1798 ψΡὴὶιῑρΡῃς-,Μριῃῃὼοῃῄ

65 1806 305 1888 oppresserat,
329 1807 370 1864 ut
383 1794 592 1865 solitudines
604 1795 731 1886 potius,
753 1818 861 1888 quam
875 1788 1062 1863 hominum

65 1917 275 1987 congressus
308 1919 524 1989 quaererem.
585 1895 689 1967 Nunc
715 1897 824 1985 igitur
856 1920 920 1986 per
944 1894 1063 1965 literas
1108 1912 2097 1959 ·“···“·“-·“-··-“’·“-·““-·-·-·-”-“.”

64 1998 203 2089 agenda
216 2011 299 2070 sunt
314 2022 372 2084 ea,
394 2023 485 2092 quae
502 2022 620 2070 coram
636 1998 810 2091 petiturus
825 2021 933 2070 cram.
1108 2036 1176 2111 No·
1192 2036 1307 2108 2561·
1951 2053 2099 2129 mgna,

1118 2132 1289 2162 Μ
1954 2130 2087 2179 w<

44 940 171 1044 ¹Viro
198 942 353 1043 optimo,
378 941 444 1020 ·D.
474 940 517 1017 V
520 943 587 1016 ilo
616 940 885 1032 Theodoro,
924 939 1068 1015 docenti

191 1092 202 1101 -
235 1044 422 1143 Evangcl.
445 1045 486 1118 ιἰι
508 1044 680 1119 Ecclesia
700 1043 899 1143 Noribcrg.

171 2130 218 2203 D.
237 2125 467 2201 Pomercnus
493 2144 613 2224 pastor
641 2143 782 2199 nostrae
804 2125 983 2198 Ecclesiae
1007 2151 1063 2197 me

17 2302 20 2307 .
63 2234 208 2326 rogavit
231 2248 272 2304 ut
293 2232 426 2303 sororis
449 2256 532 2303 suae
554 2232 628 2301 filio
656 2255 859 2324 quaererem
890 2232 1063 2321 paedago-
1384 2202 1534 2286 loassll·
1568 2200 1828 2290 Camet‘arl'o.
1882 2312 1886 2317 Ι

23 2372 26 2377 ·
63 2336 164 2427 giam
182 2333 411 2427 Argentinae.
461 2333 553 2404 Nam
568 2334 770 2405 adolescens
786 2334 941 2426 quodam
962 2332 1063 2401 iuvc-
1176 2336 2064 2453 Episr.·d0anersr.p.s662q.(et.1.0na.ttt,1v,.p.2m,]

58 2436 133 2507 nili
150 2438 287 2531 impetu
300 2436 465 2529 cupiebat
485 2436 524 2504 in
546 2459 587 2505 ea
608 2436 698 2507 urbe
717 2435 848 2506 vivere.
895 2431 968 2515 Feri
988 2433 1064 2502 dis-
1265 2512 1271 2520 .
2067 2422 2075 2439 ‘

60 2562 203 2613 enasor.
244 2537 337 2609 Nam
353 2538 555 2610 adolescens
569 2536 774 2607 offendisset
787 2535 919 2605 alicubi
933 2535 1064 2605 volun·
1108 2522 1269 2609 Clariss.
1293 2545 1325 2607 ct
1349 2543 1421 2633 opt.
1450 2535 1528 2607 ciro
1549 2532 1579 2607 I
1586 2531 1734 2609 οσιΙιί
1740 2563 1807 2608 σου
1830 2531 2102 2619 Camerario

60 2654 158 2715 tates
169 2636 352 2733 hospitum
377 2634 653 2732 reprehensione
665 2642 744 2712 τῶν
759 2637 970 2730 ἐκκλησιῶν.
995 2632 1064 2718 ,ξί-
1108 2634 1396 2733 Bambcrgcnsi,
1435 2635 1475 2708 in
1495 2632 1698 2710 Academia
1725 2635 1959 2739 Tubingensi
1982 2644 2103 2717 amico

59 2764 137 2817 νσν
162 2738 217 2819 δὲ,
227 2745 340 2841 σιγᾶν
363 2737 423 2815 δεῖ
441 2737 505 2814 καὶ
523 2736 576 2835 μὴ
597 2736 836 2838 κεκραγέναι,
877 2753 918 2808 ut
946 2740 1064 2832 inquit
1400 2763 1468 2811 suo
1492 2765 1647 2813 summo.
1688 2734 1803 2831 Cito,

59 2845 274 2919 versiculus.
324 2842 472 2917 Censuit
486 2844 597 2934 igitur
608 2842 825 2932 Noribergae
843 2842 876 2909 ei
890 2865 1063 2933 quaeren-

59 2948 156 3017 dum
170 2970 244 3017 esse
257 2948 387 3021 locum.
438 2944 522 3016 Dixi
541 2969 617 3014 non
632 2944 796 3015 defutura
811 2942 844 3012 ei
867 2943 1063 3013 amicorum

60 3050 106 3119 in
129 3071 171 3118 co
193 3049 272 3118 loco
294 3049 409 3118 oifieia
431 3060 465 3119 et
484 3046 620 3130 studia,
644 3072 686 3117 ac
702 3069 805 3117 curae
819 3048 897 3115 lore
912 3043 957 3115 D.
970 3040 1064 3115 Hic-

63 3172 242 3247 ronymo,
266 3141 478 3232 Osiandro‚
505 3149 571 3220 tibi
588 3163 622 3219 et
636 3149 734 3235 aliis,
760 3162 802 3219 ut
825 3146 1064 3236 gratificentur

40 3252 148 3347 ipsi.
204 3249 310 3323 Nunc
338 3252 447 3343 igitur
467 3252 529 3322 abs
552 3265 586 3321 tc
610 3264 712 3343 peto,
743 3263 783 3322 ut
806 3250 1061 3319 adolescentem
1109 3283 1217 3352 ,ionis

60 3356 292 3435 commendes
307 3354 453 3425 caeteris
468 3352 601 3437 amicis,
626 3378 667 3423 ae
681 3354 713 3423 ei
731 3374 878 3447 quaeras
890 3351 964 3443 ipse
981 3374 1062 3443 pae-

1107 2854 1154 2945 S.
1175 2871 1221 2949 D.
1273 2873 1355 2946 Non
1370 2877 1496 2947 dubito
1512 2870 1603 2971 quin
1618 2902 1637 2948 a
1651 2877 1775 2949 Fratre
1792 2894 1854 2951 tuo
1871 2883 1950 2952 viro
1968 2887 2102 2978 optimo

1109 2990 1144 3046 et
1158 2977 1433 3068 prudentissimo
1451 2980 1585 3050 litteras
1599 2980 1669 3050 iarn
1692 2985 1865 3075 acceperis
1886 2986 1929 3054 de
1950 2974 2102 3081 utroque

1109 3080 1263 3167 negotio.
1318 3075 1407 3177 Erat
1432 3081 1616 3174 aliquanto
1650 3085 1762 3174 magis
1796 3085 1840 3154 de
1870 3098 1903 3155 te
1933 3090 2102 3174 solicitus,

1109 3205 1217 3274 quam
1241 3182 1285 3251 dc
1310 3204 1394 3255 sese.
1445 3181 1536 3273 Nam
1561 3186 1709 3255 omnino
1732 3200 1837 3277 caput
1859 3190 2102 3262 estdelibert-

1247 3278 1416 3379 περὶτῆς
1440 3280 1643 3380 ἀσφαλείας
1650 3337 1662 3370 ,
1698 3300 1739 3356 ut
1763 3287 1952 3377 intelligis,
1978 3289 2102 3364 Cetera

1109 3399 1192 3456 sunt
1206 3386 1323 3477 plana.
1373 3384 1465 3455 Cum
1483 3387 1579 3455 enim
1595 3378 1769 3458 venissem
1792 3389 1843 3470 ele
1865 3383 1972 3463 πόλιν
1984 3392 2102 3490 Atqu-

61 3454 253 3547 d³8⁰dl²¹¹¹
275 3454 444 3550 aliquam·
508 3453 612 3524 N⁰⁵fi
639 3480 746 3549 ‘luam
769 3454 895 3525 ⁵⁰d¹¹l⁰
917 3468 996 3543 ³3³²
1017 3450 1063 3527 Β·
1108 3482 1199 3581 κὴν,
1226 3485 1403 3572 intellexi,
1430 3502 1462 3559 te
1478 3502 1514 3558 et
1527 3489 1641 3580 expeti
1658 3503 1693 3559 et
1707 3492 1889 3582 expectari.
1918 3490 1991 3563 Iam
2006 3497 2102 3566 enim

58 3550 316 3644 P⁰m⁶m¹¹⁸²
347 3558 444 3651 ‘l¹¹⁰d
467 3556 575 3626 semel
596 3555 761 3630 insinuit·
821 3552 905 3625 1d²⁰
928 3548 987 3625 hic
1005 3553 1063 3624 3¹¹·
1109 3615 1150 3659 er
1164 3589 1245 3660 aula
1260 3589 1444 3683 scripserat
1457 3591 1633 3684 quispiam
1650 3594 1694 3661 de
1714 3616 1755 3662 ea
1775 3618 1813 3664 re
1833 3596 1878 3663 ad
1894 3590 2102 3669 Bomcrum

42 3661 192 3773 ,lenm
203 3682 344 3733 ”⁰⁸⁰³
553 3739 562 3753 .
1110 3692 1244 3762 litteras
1266 3693 1364 3763 velut
1384 3693 1597 3773 Academiae
1618 3694 1810 3784 gratulans.
1867 3693 1915 3767 Et
1938 3725 2019 3770 cum
2040 3726 2102 3772 eo-

33 3812 42 3847 '·
61 3840 69 3865 ·
165 3792 278 3869 Eram
295 3796 402 3867 etiam
417 3810 532 3866 tecum
551 3816 669 3864 coram
687 3793 731 3862 de
745 3794 815 3863 tuis
831 3793 1064 3865 concionibus
1109 3796 1192 3864 dem
1208 3806 1366 3885 tempore
1383 3794 1497 3865 vocati
1519 3810 1635 3865 essent
1648 3793 1821 3866 Dresdam
1846 3802 2026 3893 praecipui
2047 3828 2102 3875 se.

58 3886 319 3975 collocuturus.
369 3893 545 3988 Expertus
560 3920 596 3966 cs
612 3896 683 3965 iam
698 3894 737 3962 in
759 3908 936 3967 conventu
951 3894 1064 3968 Sena·
1107 3908 1260 3981 natores,
1285 3896 1515 3968 deliberaturi
1529 3921 1609 3968 curn
1623 3899 1667 3967 de
1682 3882 1938 3987 gubernatione
1952 3904 2102 3993 alierum

22 4056 26 4071 .
59 4016 126 4075 tus
137 4000 247 4073 vestri
268 4000 503 4070 constantiam
526 4012 561 4071 et
585 3996 802 4088 gravitatem.
851 3994 930 4069 Etsi
954 3997 1063 4087 igitur
1108 3995 1212 4088 Reip.
1239 3998 1411 4088 partium,
1445 4013 1522 4069 tum
1549 4001 1594 4068 de
1610 3995 1828 4091 Academia,
1860 4003 1912 4070 ibi
1934 4008 2100 4096 respondi

61 4116 109 4176 ut
130 4102 237 4187 alibi,
262 4102 311 4172 ita
335 4102 430 4193 apud
452 4123 516 4171 vos
537 4098 727 4169 dissimiles
750 4112 834 4169 sunt
853 4100 1063 4184 voluntates,
1108 4099 1151 4168 ad
1171 4099 1372 4191 epistolam,
1397 4124 1502 4193 quam
1520 4123 1761 4191 acceperamus
1776 4099 2004 4180 Ratisbonae.
2048 4106 2103 4178 De

61 4220 186 4279 tamen
202 4198 269 4273 hoc
285 4217 340 4286 te,
365 4203 415 4271 rni
428 4198 469 4274 V
468 4200 533 4288 ite,
558 4203 715 4273 tribuere
732 4200 858 4270 studiis
874 4201 1063 4270 meliorum
1104 4202 1256 4271 aedibus
1273 4202 1497 4295 colloquetur
1511 4197 1702 4271 Borncrus
1722 4226 1803 4273 cum
1819 4197 2004 4291 Fachsio,
2039 4211 2100 4279 ubi

29 4294 193 4401 helim,
226 4327 271 4374 ne
291 4298 361 4397 τὴν
382 4298 526 4399 βουλὴν
547 4299 747 4397 λοιδορίαις
767 4326 901 4375 oneres.
954 4301 1063 4372 Vides
1110 4303 1263 4395 primum
1278 4303 1425 4373 domum
1443 4303 1598 4376 redierit.
1649 4302 1689 4375 Si
1703 4305 1835 4396 poteris¹
1851 4307 1888 4376 in
1904 4293 2001 4378 seriis
2011 4308 2101 4379 Vin-

31 4402 175 4509 ‚petiam
207 4402 417 4477 Homericos
442 4418 600 4477 oratores
630 4404 814 4476 Nestorem
845 4419 880 4476 et
901 4400 1062 4499 Ulyssem
1109 4405 1245 4474 demiae
1278 4405 1467 4496 expatiari,
1499 4405 1683 4496 negotium
1715 4419 1839 4497 agetur
1870 4413 2101 4487 commodius.
2178 4450 2182 4455 -

61 4508 171 4583 aliter
184 4506 369 4600 Principes
384 4510 572 4599 castigare,
596 4507 700 4578 aliter
721 4507 858 4597 vulgus.
910 4504 981 4577 Sed
1006 4518 1062 4575 ta-
1109 4505 1372 4600 Sedlquidquid
1388 4508 1563 4593 statueris,
1586 4508 1722 4578 litteras
1736 4521 1815 4589 tuas
1831 4523 1987 4602 expecto.
2012 4511 2102 4584 Mit-

60 4636 151 4701 men
165 4610 322 4683 caelestis
334 4631 450 4681 sermo
465 4610 596 4704 pariter
614 4622 782 4703 utrosque
802 4606 926 4679 doceat
947 4621 982 4677 et
1004 4630 1063 4677 ca·
1109 4623 1145 4679 to
1167 4608 1234 4680 tibi
1256 4621 1397 4678 nostros
1427 4609 1640 4693 versiculos,
1681 4632 1771 4704 quos
1801 4604 2100 4690 dabisFuchs1‘‹›.

44 4708 181 4807 ¹stiget.
232 4709 274 4782 ld
299 4710 377 4782 beri
396 4726 512 4806 potest
534 4710 638 4781 etiam
665 4709 694 4779 si
720 4732 760 4780 ea
780 4704 1062 4781 fueritadbihita
1108 4708 1200 4781 Nam
1216 4709 1301 4780 satis
1315 4710 1475 4800 politicos
1491 4733 1564 4780 esse
1582 4712 1730 4802 ducam,
1755 4711 1785 4783 si
1801 4713 1862 4783 ille
1877 4716 2101 4807 applauserit.

34 4812 45 4913 ζ
63 4812 240 4909 orationis
254 4813 401 4895 lenitas,
427 4838 518 4911 quae
533 4816 632 4883 decet
649 4811 688 4881 in
703 4806 872 4883 Ecclesia.
1107 4808 1178 4883 Hic
1196 4807 1265 4881 Dei
1277 4810 1448 4903 beneficio
1470 4802 1710 4906 tranquillitas
1732 4827 1804 4901 est,
1840 4810 1875 4886 et
1895 4840 2102 4913 καταστρο·

33 4988 42 5027 ·,
70 5000 103 5027 .·.
133 5016 136 5021 .
168 4948 279 5023 Mitto
295 4949 363 5023 tibi
376 4949 568 5021 versiculos
581 4960 741 5031 nostros,
765 4969 806 5017 ac
821 4944 930 5015 velim
945 4967 1063 5015 exem·
1107 4908 1161 5010 ‘Pl
1177 4912 1662 5034 θῗῃνθῦῑῑξῦἷυὶῑῐῃθᾶξθξΐῖὅ·
1701 4911 1830 5009 ,Deum
1852 4932 1988 5031 patrem
2012 4920 2101 4992 libe-

60 5058 125 5153 pla
142 5056 228 5125 dare
242 5051 306 5137 iis,
329 5051 459 5145 quibus
476 5051 650 5142 inscripsi.
705 5046 869 5118 Vicissim
885 5070 904 5117 a
919 5060 953 5115 te
970 5059 1062 5138 peto,
1106 5029 1234 5087 tatoris
1247 5025 1360 5109 nostri
1376 5010 1456 5086 lesu
1469 5008 1700 5103 cherchoro,
1726 5030 1765 5088 ut
1779 5032 1813 5089 te
1826 5034 1960 5105 servet,
1981 5036 2016 5092 et
2029 5020 2100 5097 Ec-

61 5150 213 5233 utmibi
226 5176 406 5224 sermones
425 5178 465 5224 ac
491 5152 624 5224 iudicia
645 5163 846 5220 vestrorum
865 5148 1062 5241 perscribas
1107 5116 1228 5189 cleslas
1245 5140 1285 5188 ac
1294 5116 1417 5213 studia
1433 5118 1606 5208 gubernet
1629 5143 1669 5189 ac
1689 5122 1840 5192 tueatur.
1892 5112 1990 5194 Bene
2005 5116 2100 5207 ,vale

42 5255 151 5357 ,napi
170 5260 236 5351 τῆς
258 5259 521 5354 καταστροφῆς
543 5266 748 5328 conventus.
799 5249 881 5322 Non
905 5241 1062 5321 satis'ra-
1129 5334 1133 5341 ¹

61 5358 233 5437 tiocinari
254 5378 415 5450 possum,
436 5357 535 5451 ¹quid
559 5354 729 5449 moliatur
760 5380 780 5425 o
802 5344 1059 5455 ρρνοκρᾶτωρ,
1141 5379 1170 5448 t)
1188 5332 1249 5451 Alta
1263 5374 1513 5449 monstempli
1525 5391 1589 5431 sm.
1604 5322 1681 5431 bu.
1693 5378 1851 5458 (repetitum
1865 5378 1893 5433 tn
1909 5332 2034 5449 lintea.

118 5466 298 5535 Merserat.
313 5463 418 5530 om.
445 5462 529 5529 Vos.
544 5458 603 5528 Ν.
656 5508 663 5523 .
778 5488 797 5511 ··
1172 5456 1179 5467 '
1224 5448 1271 5523 41
1485 5456 1489 5465 “
