4522 5752
169 240 243 314 ass
344 330 346 335 ¹
733 227 1167 315 nr1sronanuu
1216 228 1457 311 121⁸.an
1508 227 1638 310 1641.
1798 202 1802 211 '
2128 232 2203 307 sss

173 414 238 483 dae
254 408 444 500 impietatis
459 419 495 479 et
517 409 791 479 execrandorurn
807 404 1027 497 flagitiorum·
1040 400 1162 479 habita
1214 405 1301 474 sime
1316 402 1523 479 celebretur.
1574 397 1628 474 Ac
1649 400 1799 473 demunt
1817 402 1922 475 etiam
1947 402 1987 473 in
2001 414 2118 475 totum
2131 402 2203 473 iera

172 512 329 595 ratione,
361 511 400 578 in
420 509 588 602 peccandi
610 508 794 601 proposito
813 520 1095 599 perseverantes,
1125 529 1162 576 se
1214 500 1410 578 omittatur.

172 608 259 683 huic
284 611 535 682 sacratissimae
549 634 589 680 ac
605 610 845 681 divinissimae
867 607 999 681 actioni
1015 608 1164 678 damna·
1313 603 1383 675 Hie
1405 603 1575 698 quoniam
1600 603 1744 698 utrique
1768 605 1814 675 de
1840 626 1905 675 sua
1918 605 2101 677 'sententia
2123 618 2206 676 sunt

173 714 295 799 biliter
332 712 550 783 miscuerunt
581 711 739 802 persuasi
773 709 842 781 sibi
872 709 1020 781 Missam
1053 708 1163 779 solius
1214 706 1372 800 persuasi
1389 705 1465 775 fieri
1481 707 1601 775 forsan
1615 707 1742 798 possit,
1764 702 2079 800 utsingulisuo⁹¹)
2100 730 2206 777 sensu

174 814 309 886 externi
323 813 449 905 operis,
472 813 566 905 quod
578 812 749 884 Sacerdos
761 811 854 896 facit,
872 811 1003 882 virtute
1017 811 1165 905 prodes·
1215 809 1394 879 abundare
1408 807 1715 900 permitterentur,
1739 830 1785 876 ne
1798 800 1852 893 hi,
1875 806 1940 900 qui
1954 808 2032 879 sine
2046 832 2207 879 commu·

175 939 230 1000 se,
259 916 326 984 etsi
341 915 409 1005 ipsi
423 909 516 982 nihil
531 915 663 1004 probae
677 913 806 983 mentis
821 912 1010 985 adferrent.
1062 909 1163 999 Quae
1214 909 1417 980 nicantibus
1431 908 1748 995 sacramentaliter,
1770 932 1852 978 cum
1868 908 2066 981 astantibus
2078 924 2207 994 tamen,

175 1016 298 1108 opinio
313 1015 514 1085 damnanda
528 1029 597 1101 est,
619 1028 725 1108 atque
745 1013 850 1084 etiam
865 1013 971 1099 tales,
996 1010 1028 1082 si
1042 1010 1165 1105 publi·
1215 1027 1250 1084 et
1269 1031 1479 1081 consensum
1493 1008 1663 1079 sacrificio
1677 1004 1982 1106 praebentibusff)
1996 1009 2207 1087 sacrificium

176 1142 216 1189 ca
232 1118 304 1188 sint
318 1117 467 1187 crimina
480 1140 501 1187 a
515 1115 622 1186 sacris
637 1115 799 1200 arcendi,
825 1109 932 1211 sin⁸⁸)
948 1113 1100 1200 occulta,
1123 1126 1165 1184 ut
1216 1112 1389 1197 offerunt,
1414 1111 1684 1194 damnarentur,
1710 1108 1771 1180 Illi
1791 1134 1876 1181 vero
1898 1134 1972 1181 non
1996 1124 2207 1201 cogerentur

176 1241 214 1288 se
244 1242 264 1288 a
290 1232 363 1289 tam
391 1216 583 1288 tremendis
606 1216 799 1311 mysteriis,
831 1216 918 1286 dum
941 1212 1165 1310 resipuerint,
1216 1214 1330 1299 aliter¹
1345 1234 1454 1307 quam
1475 1212 1721 1307 praesentibus
1746 1211 2095 1287 communicantibus
2114 1210 2207 1283 Mis-

176 1314 386 1392 subtrahant
393 1372 404 1406 ,
428 1317 578 1388 docendi
594 1332 689 1395 sunt.
1102 1400 1104 1405 Ι
1216 1338 1292 1387 sam
1304 1309 1447 1388 habere.
2025 1380 2031 1399 ,

1315 1412 1455 1487 Rursus
1476 1427 1561 1485 sunt
1579 1437 1620 1484 ex
1642 1437 1716 1484 una
1736 1426 1836 1505 parte
1857 1414 1919 1508 qui
1941 1413 2067 1485 dicunt
2081 1410 2208 1485 Sacra-

618 1491 717 1567 ΧΧῙ·
1217 1528 1376 1586 mentum
1399 1516 1557 1607 corporis
1573 1528 1609 1585 et
1629 1514 1812 1605 sanguinis
1834 1516 1901 1587 sub
1920 1526 2072 1611 utraque
2091 1513 2208 1609 specie

116 1718 121 1725 ἱ
176 1615 232 1682 De
244 1632 307 1680 11111
319 1622 353 1677 tl
367 1610 659 1675 administram
672 1607 979 1690 swamttiimms
989 1621 1033 1676 *i
1048 1608 1166 1677 &sne-
1217 1617 1349 1711 populo
1364 1615 1605 1687 administrari
1617 1616 1765 1703 debere,
1786 1618 1884 1710 quod
1899 1616 1938 1685 id
1950 1612 2088 1687 Christi
2103 1638 2208 1687 man-
2232 1650 2238 1663 ¹

388 1699 509 1760 ''⁰¹¹²'ss
522 1692 719 1778 iiiiim‘i‘m
733 1697 961 1778 ⁸P⁶⁶iaiim·⁸l
1217 1720 1300 1790 dato
1327 1732 1361 1789 et
1386 1716 1605 1791 institutioni
1629 1730 1663 1789 et
1687 1716 1783 1789 mori
1802 1717 1932 1791 veteris
1955 1714 2140 1795 Ecclesiae
2162 1715 2209 1788 sit

278 1815 373 1889 Sunt
387 1840 427 1913 ex
443 1839 516 1921 una
528 1827 627 1906 parte
640 1816 770 1909 quihus
784 1837 988 1908 persuasum
1008 1827 1061 1887 est
1073 1811 1167 1884 Mis·
1218 1833 1504 1895 consentaneum.

178 1943 252 1990 sam
269 1919 389 2011 peragi
405 1940 480 1987 non
494 1917 632 2001 debere,
657 1915 728 1986 nisi
744 1915 862 1988 adsint
876 1917 940 2010 qui
955 1941 1036 1987 cum
1052 1938 1166 1991 sacer,-
1259 1949 1263 1955 ·
1316 1920 1410 1992 Sunt
1432 1944 1474 1990 ex
1495 1920 1622 2007 altera,
1654 1919 1718 2015 qui
1739 1942 1820 1989 cum
1845 1918 2046 1992 existiment
2059 1913 2130 1989 hoc
2142 1940 2208 2011 po-

179 2023 260 2091 dote
279 2019 493 2090 sacrificante
518 2016 737 2088 Sacramenti
756 2018 914 2110 corporis
936 2031 969 2088 et
984 2016 1166 2106 sanguinis
1217 2023 1393 2122 tissimum
1410 2022 1450 2090 in
1466 2019 1704 2093 sacramentis
1726 2020 1973 2115 spectandum,
2002 2044 2074 2114 quo
2089 2020 2208 2111 signa·

179 2120 356 2227 sumtione
370 2118 641 2190 communicent.
690 2114 799 2206 Quod
817 2143 857 2189 eo
873 2118 944 2188 fine
959 2113 1028 2188 hoc
1042 2117 1167 2190 Sacra·
1217 2125 1264 2195 tis
1284 2123 1394 2214 magis
1416 2146 1523 2218 quarn
1550 2122 1659 2214 signis
1682 2122 1846 2207 fruamur
1874 2134 1910 2191 et
1935 2121 2208 2216 acquiescamus,

177 2236 338 2293 mentum
355 2221 511 2314 primum
524 2243 587 2314 per
600 2213 783 2291 Christum
800 2219 1003 2293 institutum
1019 2231 1055 2289 et
1069 2242 1167 2289 com·
1217 2223 1271 2296 Ac
1289 2235 1441 2309 constet,
1459 2224 1603 2295 interim
1619 2224 1686 2294 sub
1706 2246 1780 2293 una
1798 2234 1936 2294 tantum
1953 2236 2128 2318 quantum
2141 2222 2208 2293 snb

177 2326 383 2395 mandatum
398 2323 455 2407 sit,
471 2335 514 2392 ut
526 2343 620 2392 unus
634 2320 737 2412 panis
750 2334 784 2393 et
796 2344 911 2394 unum
922 2343 1048 2414 corpus
1062 2318 1168 2391 multi
1208 2326 1357 2399 ,duabus
1373 2325 1553 2418 speciebus
1567 2322 1762 2411 contineri,
1785 2324 2012 2395 asserendum
2031 2346 2208 2408 noneste,

105 2498 109 2505 ,
178 2426 298 2501 simus.
344 2416 452 2512 Quod
467 2445 508 2492 ex
523 2445 596 2493 uno
609 2445 701 2514 pane
716 2437 751 2494 et
764 2445 838 2492 uno
855 2423 961 2495 calice
976 2421 1168 2515 participa·
1217 2442 1259 2500 ut
1279 2427 1431 2519 impium
1448 2428 1708 2513 damnandum,
1733 2420 1830 2521 quod
1845 2423 2003 2497 Ecclesia
2021 2425 2097 2495 iam
2113 2422 2208 2495 mab

178 2549 276 2606 mus,
314 2539 418 2618 alque
439 2517 536 2593 hunc
553 2522 662 2593 fuisse
684 2521 811 2594 veleris
832 2518 1010 2597 Ecclesiae
1031 2546 1166 2603 morem
1218 2531 1263 2600 tis
1282 2528 1408 2599 seculis
1429 2528 1538 2598 laicos
1560 2552 1632 2599 una
1655 2528 1769 2620 specie
1791 2533 1975 2598 contentos
1996 2539 2089 2597 recte
2111 2520 2209 2596 com*-

179 2628 379 2698 adstruunt.
1180 2639 1186 2650 '
1218 2631 1422 2716 municare,
1461 2643 1496 2700 et
1517 2625 1612 2700 nihil
1641 2640 1764 2699 contra
1786 2620 2051 2699 institutionem
2073 2621 2211 2699 Christi

257 2727 358 2799 Sunt
367 2718 426 2822 **)
441 2751 482 2797 ex
494 2727 602 2797 altera
615 2725 678 2822 qui
693 2725 893 2798 existimant
901 2720 1050 2795 Missam
1062 2723 1167 2795 etiam
1218 2734 1334 2802 facere
1360 2746 1411 2802 est
1436 2730 1624 2817 arbitrata,
1652 2752 1694 2799 eo
1721 2730 1891 2816 maxime,
1923 2729 2020 2824 quod
2044 2722 2210 2799 Christus

87 2854 91 2861 '
179 2830 238 2923 pie
264 2828 453 2914 celebrari,
485 2828 516 2897 Si
549 2830 656 2899 1110ἆο
682 2828 823 2913 adsint‚=
850 2827 914 2921 qui
937 2825 1169 2919 spiritualiter
1220 2856 1296 2902 eam
1321 2832 1545 2903 autoritatem
1559 2828 1736 2902 Ecclesiae
1756 2830 1940 2924 reliquisse
1954 2830 2137 2915 videatur,
2169 2838 2212 2898 ut

178 2940 319 3002 tantum
346 2954 427 3000 cum
448 2929 628 3001 sacerdote
643 2929 923 3023 communicent,
948 2940 983 2998 et
998 2926 1167 2997 sacrificio
1220 2936 1259 3003 in
1275 2934 1429 3003 externis
1448 2932 1756 3004 sacramentorum
1779 2930 2009 3002 caeremoniis
2030 2952 2108 3001 eam
2129 2950 2211 3000 mo-

178 3054 391 3105 eonsensum
408 3031 610 3122 praebeant,
634 3027 715 3101 Etsi
726 3024 857 3100 horum
874 3052 1015 3125 quoque
1029 3041 1170 3097 senten·
1220 3035 1439 3106 derationem
1451 3029 1622 3105 adhibere
1633 3034 1756 3126 possit,
1781 3056 1870 3128 quae
1884 3056 1950 3125 pro
1966 3032 2103 3103 ratione
2119 3044 2212 3102 tem·

118 3148 120 3153 '
178 3134 229 3204 tia
244 3133 395 3226 populus
408 3133 588 3202 docendus
602 3146 637 3202 et
650 3131 840 3219 diligenter
856 3130 1101 3201 admonendus
1115 3129 1170 3212 sit,
1221 3160 1347 3228 porum
1383 3148 1418 3206 et
1445 3135 1604 3206 locorum
1628 3134 1789 3205 fidelium
1813 3134 1920 3207 saluti
1944 3158 2025 3206 cum
2051 3132 2212 3204 sufficere

178 3250 341 3328 utquam
356 3233 556 3327 saepissime
573 3231 819 3318 eommunicet,
843 3245 886 3303 ut
893 3225 950 3328 ⁸⁹).
973 3230 1037 3327 qui
1050 3229 1171 3323 quoti·
1222 3253 1297 3309 tum
1315 3237 1538 3307 commodare
1552 3235 1782 3312 existimetur.

179 3338 239 3407 die
263 3348 400 3429 peccat,
433 3331 593 3429 qnotidie
615 3332 721 3405 etiam
744 3328 888 3404 anhelet
900 3334 946 3404 ad
962 3331 1170 3403 sumendam
1322 3336 1456 3408 Verum
1478 3362 1559 3409 cum
1573 3351 1644 3409 tam
1666 3337 1822 3429 plurima
1840 3335 1880 3407 in
1894 3334 2088 3408 Germania
2109 3334 2212 3428 plebs

180 3437 403 3512 medicinam.
455 3429 575 3529 Atque
590 3429 683 3505 hanc
697 3436 905 3506 sententiam
919 3456 965 3504 ne
978 3456 1059 3504 cum
1076 3446 1172 3503 vete-
1220 3460 1385 3532 persuasa
1406 3439 1472 3527 sit,
1486 3448 1489 3453 ’
1503 3433 1637 3511 Christi
1662 3442 1871 3509 mandatum
1893 3452 1928 3509 et
1950 3437 2212 3509 institutionem

180 3562 263 3609 rum
287 3539 430 3631 quidem
454 3561 554 3607 more
576 3558 733 3628 pugnare
755 3537 902 3620 dicunt,
938 3548 1041 3628 atque
1066 3534 1171 3604 etiam
1222 3542 1422 3635 requirere,
1457 3552 1500 3611 ut
1537 3541 1675 3631 integra
1712 3539 1937 3612 Sacramenta
1971 3538 2136 3630 accipiat,
2178 3548 2213 3608 et

182 3653 312 3732 putant
325 3634 420 3709 hunc
435 3661 541 3708 nsum
555 3636 796 3708 iustificationi
810 3632 946 3707 Christi
960 3628 1055 3704 nihil
1070 3656 1173 3727 prae·
1222 3642 1370 3712 omnino
1401 3642 1616 3727 cavendum,
1648 3662 1695 3711 ne
1725 3642 1805 3736 quia
1830 3636 1962 3712 adhaec
1991 3650 2214 3711 sacrosancta

183 3740 358 3824 indicare,
382 3741 476 3832 quod
497 3740 657 3808 sacerdos
673 3733 742 3808 hoc
757 3736 940 3828 publicum
961 3734 1002 3805 in
1015 3730 1175 3805 Ecclesia
1223 3743 1388 3838 mysteria
1408 3742 1651 3835 participanda
1665 3766 1747 3813 cum
1766 3742 1859 3812 mala
1881 3740 2095 3813 conscientia
2113 3760 2215 3813 acca

121 3842 125 3847 ’
184 3841 422 3911 ministerium
438 3862 573 3929 gerens,
598 3863 633 3909 se
650 3839 817 3910 omnibus
833 3839 896 3933 qui
910 3851 984 3908 toto
999 3847 1172 3909 terrarum
1223 3847 1300 3929 dat,
1324 3844 1621 3937 operaepretium
1636 3844 1829 3924 videbitur,
1855 3842 1885 3913 si
1899 3838 2057 3913 Ecclesia
2071 3840 2118 3913 ad
2135 3863 2214 3909 me·

186 3945 272 4013 orbe
288 3938 356 4013 hoc
373 3954 591 4011 sacramento
608 3941 820 4032 participant
835 3963 898 4032 per
917 3938 1022 4009 fidem
1044 3938 1174 4007 adinn·
1224 3947 1381 4015 (lendum
1398 3941 1454 4015 his
1466 3946 1569 4015 malis
1583 3947 1749 4017 omnihus
1765 3945 1919 4015 liberum
1932 3943 2053 4028 faciat,
2077 3940 2146 4015 sub
2161 3934 2222 4013 aL'

185 4060 255 4136 gat.
291 4042 350 4115 Aa
366 4036 453 4112 haec
467 4056 634 4114 verentur
649 4040 708 4111 isti
722 4035 806 4138 si⁹⁰)
822 4036 881 4110 hic
895 4062 981 4111 usus
996 4034 1175 4109 exEccle-
1224 4060 1298 4118 tera
1320 4047 1377 4116 vel
1399 4061 1549 4141 utraque
1568 4048 1682 4139 specie
1705 4046 1986 4131 communicare,
2009 4044 2061 4114 sic
2082 4058 2215 4123 tamen,

186 4149 236 4216 sia
251 4146 408 4229 tollatur,
424 4144 498 4213 heri
514 4166 615 4235 posse
629 4156 669 4214 ut
684 4139 791 4237 (quae
805 4156 858 4212 est
870 4137 1057 4211 hominum
1071 4164 1174 4233 prae·
1224 4171 1270 4218 ne
1287 4145 1372 4219 hinc
1395 4142 1611 4244 cuiquam⁹³)
1637 4149 1709 4217 ulla
1737 4171 1840 4217 causa
1864 4146 2092 4238 praebeatur,
2116 4168 2216 4215 rece·

121 4280 124 4284 ·
185 4250 293 4318 sentis
314 4246 528 4338 tempestatis
551 4245 588 4313 in
617 4244 883 4337 frequentandis
904 4241 1080 4337 mysteriis
1103 4242 1175 4309 aci·
1224 4265 1320 4342 psum
1341 4243 1511 4321 hactenus
1531 4250 1571 4318 in
1592 4246 1750 4319 Ecclesia
1770 4246 2062 4319 cousuetudinem
2083 4259 2216 4317 temere

187 4345 264 4443 dia)
285 4343 353 4418 hoc
369 4346 576 4416 sacrificium
597 4345 730 4431 laudis,
756 4337 1028 4438 quod'Christus
1050 4342 1089 4410 in
1105 4336 1175 4412 Ec·
1225 4352 1438 4437 damnandi,
1462 4351 1520 4421 vel
1536 4346 1681 4443 posthac
1697 4349 1850 4419 invicem
1865 4347 2061 4422 iudicandi.
2109 4342 2217 4419 Certe

187 4450 292 4519 clesia
320 4448 644 4542 frequentissimum
675 4468 747 4517 esse
774 4444 906 4532 voluit,
925 4466 1045 4541 ‚quam
1067 4443 1174 4513 raris-
1226 4452 1480 4522 caeremoniam
1496 4453 1600 4522 istam
1613 4450 1875 4521 communionis
1889 4450 2074 4543 utriusque
2086 4447 2219 4541 speciei

192 4563 400 4631 .....-.’
1227 4553 1272 4622 ad
1286 4553 1526 4623 necessitatem
1543 4552 1687 4641 alligare
1699 4552 1892 4623 absurdum
1908 4550 2036 4636 fuerit,
2061 4550 2120 4619 vel
2132 4574 2218 4643 pro-

1226 4667 1306 4746 pter
1331 4656 1540 4738 abstemios,
1572 4667 1731 4744 aegrotos
1757 4667 1793 4725 et
1824 4652 1976 4734 similes,
2011 4651 2075 4747 qui
2096 4674 2120 4722 a
2140 4651 2218 4721 viru'

222 4720 269 4784 88)
288 4716 355 4771 Buc·
368 4724 395 4770 et
407 4714 473 4770 Est.
487 4719 522 4771 η’.
1310 4756 1320 4774 .

1228 4779 1342 4849 specte
1356 4756 1462 4849 plane
1478 4749 1682 4830 abhorrent.

221 4803 251 4875 i)
268 4800 345 4871 „llic
362 4808 541 4869 protestantes
559 4798 736 4855 exbibuerunt
755 4818 836 4854 sunm
853 4797 1003 4855 articulum
1021 4799 1056 4854 ds
1073 4797 1177 4871 privata

258 4872 341 4925 Missa
356 4869 492 4940 signatum
505 4866 582 4922 litera
594 4867 646 4923 ll.’‘
680 4868 750 4922 Nota
763 4886 848 4939 marg.
939 4923 942 4927 ,

221 4959 266 5027 89)
286 4956 353 5015 Bne
367 4961 395 5007 et
407 4950 474 5007 Eclc.
489 4960 525 5007 et.

223 5040 270 5111 ss)
286 5036 396 5111 „liuius
415 5034 562 5090 sententiae
580 5052 632 5088 nos
651 5026 760 5109 suiuus,

1328 4886 1492 4982 Denique
1517 4902 1601 4959 sunt
1628 4911 1671 4958 ex
1693 4910 1765 4957 una
1795 4901 1912 4978 parte,
1945 4883 2009 4981 qui
2037 4882 2219 4978 postulant

783 5032 838 5090 sea
856 5032 1008 5092 concilium
1021 5034 1095 5108 quod
1109 5035 1177 5088 rub·
1228 4988 1455 5060 Sacramenta
1470 5013 1509 5059 ea
1523 4989 1645 5080 lingua
1661 4988 1920 5076 administrari,
1943 5010 2068 5083 quasa
2083 4987 2220 5085 pupulo

256 5112 304 5165 iun
323 5107 378 5160 itur
394 5104 422 5156 in
443 5104 513 5185 librq
533 5122 596 5158 curn
609 5102 637 5157 id
649 5104 703 5157 tale
715 5104 765 5172 sit,
787 5113 820 5156 nt
839 5122 872 5158 eo
889 5103 974 5174 possit
992 5100 1177 5185 tranquillitati

131 5236 136 5241 ,
255 5127 440 5233 Ecsiiesisrum
460 5183 589 5243 utrmque
609 5173 755 5227 commode
768 5182 795 5227 et
814 5171 964 5227 Christiane
983 5171 1109 5239 consuls,
1130 5188 1175 5224 re·
1535 5220 1541 5234 ,

255 5244 405 5316 linquimus
417 5240 565 5322 &aserere
579 5239 711 5294 blaieststi
726 5250 752 5294 et
765 5240 840 5295 Sacri
852 5241 962 5312 lmperii
974 5239 1117 5294 ordinibus
1130 5257 1177 5293 er·
1262 5216 1308 5281 9¹)
1327 5217 1395 5273 ΒΜ·
1408 5227 1435 5271 ⁸¹
1447 5216 1515 5274 Μ·
1529 5235 1559 5271 ”¹
1569 5234 1629 5273 Μ·

256 5311 442 5386 pendendum.
469 5309 553 5364 lubus
566 5308 663 5381 rung,
680 5307 981 5383 roboratisque?
1005 5308 1079 5366 Nota
1088 5326 1175 5379 marg.
1262 5304 1310 5372 92)
1329 5303 1397 5359 Bne.
1411 5314 1438 5357 et
1449 5303 1515 5360 Ecl.
1526 5304 1743 5372 praestantibus·

223 5401 268 5469 90)
288 5393 355 5457 Ecl.
369 5402 397 5448 et
408 5391 478 5450 Bne.
489 5410 525 5447 ne
534 5393 567 5449 ss'.
858 5444 862 5451 ,
1262 5388 1309 5462 9³)
1326 5390 1394 5449 Buc.
1407 5397 1434 5447 st
1444 5388 1511 5450 nrt.
1523 5391 1627 5460 suique.
