4522 5752
33 180 322 289 'aas‘'

195 364 261 458 lll.
286 376 335 453 Et
350 376 432 475 quia
440 390 542 450 vetus
555 366 772 449 consuetudo
781 374 1118 453 tradendiCatechi·

121 489 209 572 emi,
242 496 277 556 et
301 481 474 577 pueritiae
497 481 720 574 peculiariter
748 483 962 553 erudiendae
992 494 1028 552 et
1056 507 1118 553 ex-

120 588 332 686 plorandae,
363 585 436 654 sere
459 584 593 676 ubique
617 584 827 674 negligitur,
861 587 955 657 inter
980 585 1117 676 praeci-

95 715 209 789 ·puas
231 686 494 762 reformationis
515 697 631 778 partes
654 684 816 756 ducimus
841 708 931 772 esse,
965 710 1117 757 renova-

119 797 256 868 tionem
272 790 348 862 cius
360 788 482 864 moris.
534 784 653 877 Quare
668 786 893 859 efficiendum
910 801 977 875 est,
996 801 1038 860 ut
1053 812 1118 881 per

147 911 277 968 astores
299 904 361 963 aut
379 891 547 962 diaconos
579 889 729 979 singulis
756 890 983 983 septimanis,
1025 892 1117 960 duae

121 923 233 1073 borae
258 1007 319 1066 aut
343 1006 430 1077 tres,
463 1015 529 1086 pro
558 992 763 1062 conditione
789 992 878 1079 loci,
911 993 1117 1064 tribuantur

107 1094 367 1181 Catechismo,
400 1094 467 1181 sic,
506 1105 547 1164 ut
574 1107 676 1165 coetu
706 1117 899 1184 pueromm
923 1109 958 1166 et
978 1094 1116 1188 puella-

123 1227 204 1274 rum
231 1209 424 1271 convocato
447 1196 609 1268 tradatur
630 1196 775 1277 ordine,
807 1209 842 1267 et
857 1195 1115 1295 simplicissime

123 1325 261 1376 summa
284 1297 467 1371 doctrinae
480 1289 724 1384 Christianae,
748 1310 784 1368 et
806 1297 998 1370 audiantur
1016 1298 1115 1369 ordi-

93 1428 167 1478 ¹ne
191 1403 295 1499 pueri
316 1414 353 1472 et
372 1400 531 1494 puellae,
562 1398 753 1470 recitantes.
766 1400 986 1495 symbolum,
1011 1402 1115 1471 deca-

122 1511 263 1597 logum,
303 1502 542 1596 precationem
569 1501 803 1587 dominicam,
840 1502 1037 1573 doctrinam
1070 1503 1114 1572 de

121 1611 190 1682 fide
210 1606 439 1689 iustificante,
469 1603 514 1673 dc
531 1599 787 1686 sacramentis,
820 1603 864 1673 dc
885 1603 1114 1695 poenitentia,

122 1708 288 1781 debonis
310 1706 494 1798 operibus,
516 1705 560 1773 de
579 1727 692 1775 cruce.
743 1701 946 1794 Cogitemus
964 1706 1112 1796 purissi-

10 1874 14 1885 .
121 1837 217 1883 marn
232 1807 410 1884 Ecclesiae
432 1818 566 1900 partem
588 1829 660 1875 esse
687 1805 876 1898 pueritiam
897 1820 990 1877 recte
1010 1807 1114 1877 iusti·

122 1928 244 1986 tutam.
304 1907 389 1980 ldeo
413 1904 499 1978 haec
524 1921 619 1977 aetas
649 1931 873 2000 nequaquam
903 1908 1112 1999 negligenda

120 2029 191 2100 est,
215 2012 420 2108 praesertim
440 2031 522 2080 cum
537 2021 572 2080 et
591 2004 651 2078 hic
668 2009 803 2079 fructus
821 2011 978 2095 accedat,
1003 2012 1113 2103 quod,

120 2142 201 2189 cum
224 2130 345 2188 tenera
366 2125 461 2183 aetas
483 2110 542 2203 pia
569 2123 604 2181 et
628 2110 773 2181 salutar'i
796 2112 956 2182 doctrina
980 2111 1112 2182 imbui-

120 2234 198 2303 tur,
223 2218 330 2288 simul
344 2212 500 2305 concipit
512 2236 667 2283 amorem
680 2212 864 2302 religionis
879 2209 1112 2299 Christianae,

120 2321 184 2415 qui
198 2316 224 2414 ¹)
248 2332 384 2409 postea,
418 2338 498 2385 cum
520 2315 693 2384 accedunt
715 2314 820 2399 anni,
845 2318 989 2406 prodest
1001 2316 1111 2384 mori-

118 2424 197 2493 hus.
245 2418 295 2490 Et
312 2417 440 2488 melius
455 2415 613 2484 iudicant
627 2410 788 2484 homines
806 2417 849 2485 de
871 2417 914 2485 iis
938 2417 1111 2487 doctrinis

119 2521 305 2606 omnibus,
347 2541 499 2613 quarum
525 2516 696 2586 elementa
720 2532 812 2588 recte
832 2516 975 2588 imbibit
995 2518 1110 2609 prima

118 2623 283 2718 pueritia.
340 2619 505 2712 Denique
530 2631 654 2689 notum
677 2633 728 2689 est
752 2618 860 2688 illud:
887 2617 1007 2712 Usque
1022 2621 1109 2689 adeo

96 2711 138 2811 fa
152 2724 281 2798 teneris
302 2743 528 2793 consuescere
551 2721 704 2819 multum
729 2732 790 2789 est.
842 2715 890 2790 Et
913 2721 1015 2792 toties
1038 2722 1109 2791 cla-

4 2846 9 2850 ·
118 2829 221 2898 mitat
236 2851 274 2895 ac
290 2823 460 2917 praecipit
475 2819 571 2892 Deus
589 2822 625 2889 in
642 2821 749 2891 sacris
763 2821 894 2908 literis,
920 2835 959 2893 ut
976 2823 1109 2894 doctri-

116 2953 164 3000 na
180 2927 339 2998 coelestis
355 2926 514 2996 tradatur
527 2923 657 3016 pueris.

192 3071 255 3149 IV.
297 3068 345 3143 Et
367 3070 450 3166 quia
473 3070 693 3157 ceremoniae
716 3068 865 3140 invitare
890 3064 1051 3141 homines
1073 3085 1109 3140 et

118 3176 338 3250 adsuefacere
354 3175 495 3260 dehent,
520 3186 595 3243 tum
609 3195 693 3242 vero
708 3173 814 3242 etiam
829 3171 927 3261 signa
941 3186 1037 3257 sunt,
1063 3175 1106 3242 ad

116 3278 361 3351 admonendos
383 3290 418 3348 et
441 3277 619 3346 docendos
640 3276 745 3345 rudes
761 3273 884 3359 utilia,
911 3276 1106 3344 curandum

53 3402 67 3440 ,⁴
116 3396 187 3468 est,
218 3404 283 3472 per
304 3402 363 3449 cos
386 3377 448 3471 qui
469 3389 656 3471 praesunt,
689 3387 730 3445 ut
756 3375 973 3445 ceremoniae
989 3377 1107 3460 utiles,

117 3497 152 3553 et
173 3506 263 3577 quae
287 3481 423 3574 aliquid
446 3480 626 3569 gravitatis
647 3474 781 3548 babent
798 3475 844 3572 ²),
876 3478 1107 3562 retineantur,

117 3599 151 3655 et
176 3584 348 3653 absurdae
380 3606 419 3650 ac
448 3581 614 3669 indignae
636 3579 805 3668 gravitate
824 3575 1003 3649 Ecclesiae
1020 3580 1106 3649 abo-

116 3687 273 3769 leantur,
303 3697 345 3753 ut
369 3695 452 3752 sunt
472 3682 604 3751 multae
630 3693 824 3751 statuarum
858 3681 1106 3771 circumgesta-

115 3789 249 3869 tioncs,
274 3798 315 3854 ut
331 3780 463 3853 alicubi
481 3805 607 3871 magno
624 3782 779 3873 pondere
795 3804 880 3850 crux
902 3782 1106 3852 circumser-

114 3903 192 3971 tur,
217 3911 324 3980 quam
348 3886 406 3954 vix
433 3897 587 3981 quatuor
601 3897 733 3972 gestare
749 3894 883 3975 queunt
900 3896 962 3955 etc.
1016 3881 1104 3953 Item

113 4005 248 4061 statuae
265 4000 299 4058 et
312 3987 469 4080 picturae
484 3986 683 4070 fabulosae,
708 3997 847 4078 atquae
866 3984 1105 4075 superstitiose

113 4095 290 4163 coluntur.
341 4086 479 4160 Harum
501 4111 622 4157 rerum
637 4086 835 4156 emendatio
851 4085 955 4155 bonis
970 4100 1003 4156 et
1018 4111 1105 4179 pru-

114 4194 278 4264 dentibus
304 4190 601 4280 gubernatoribus
618 4188 656 4257 in
670 4188 826 4282 qualibet
841 4188 991 4257 dioecesi
1008 4212 1105 4259 com-

111 4297 307 4364 mandetur.

185 4426 230 4500 V.
258 4427 328 4496 Sed
350 4424 546 4516 plurimum
564 4424 689 4507 relert,
713 4423 833 4515 quales
847 4421 918 4490 sint
937 4436 1103 4512 pastores,

110 4541 145 4600 et
167 4528 294 4597 caeteri
318 4529 477 4598 doctores
501 4538 536 4595 et
550 4520 717 4592 'ministri
741 4519 990 4592 Ecclesiarum.
1048 4522 1101 4592 Ac

110 4654 155 4698 ne
173 4629 290 4697 idonei
307 4627 572 4717 praeficiantur,
597 4625 818 4718 potissimum
835 4648 876 4692 cx
892 4619 947 4692 bis
963 4624 1100 4694 duabus

109 4730 222 4803 causis
248 4730 396 4812 accidit,
424 4730 482 4797 vel
500 4728 582 4822 quia
600 4725 739 4819 patroni
755 4740 788 4797 et
805 4726 988 4796 collatores
1001 4750 1100 4794 com-

39 4890 43 4897 ,
107 4830 285 4914 menda'nt
300 4830 462 4899 indoctos
486 4844 519 4899 et
541 4830 703 4919 ignavos,
730 4840 790 4899 aut
813 4841 960 4919 propter
982 4827 1100 4920 priva-

108 4949 179 5006 tam
207 4929 508 5013 benevolentiam,
549 4945 609 5000 aut
642 4930 798 5022 corrupti
831 4928 1000 5022 pecunia,
1039 4942 1100 5001 aut

139 5307 164 5372 l)
183 5303 250 5357 Bur.
266 5318 355 5370 quae,
375 5301 514 5355 mendose.

135 5393 165 5454 2>
183 5391 267 5443 Peuc.
277 5391 413 5451 babeant,
431 5384 595 5442 scortata
611 5381 679 5438 auc.
693 5382 804 5435 hadent.

544 196 547 203 '
597 164 599 169 ’
685 135 1128 291 arrsronaauu
1178 208 1419 294 mu.vu1.
1470 213 1624 297 tat-1.-

2005 202 2011 207 ’
2088 227 2152 309 aa

1169 395 1315 477 propter
1329 384 1417 457 alias
1430 410 1551 461 causas
1561 414 1638 463 non
1655 391 1875 484 probandas,
1900 398 1958 469 rel
1976 398 2063 495 quia
2077 396 2154 495 Epi·
2169 472 2173 485 ,

1169 486 1284 577 scopi,
1311 487 1387 573 sine
1402 489 1560 574 delectu,
1586 492 1665 563 aine
1685 497 1948 588 exploratione,
1973 503 2154 579 admittunt

1169 588 1366 681 quoslibet,
1391 604 1524 664 etcum
1541 618 1617 666 non
1630 596 1841 671 adliciantur
1857 624 1943 672 cura
1957 601 2155 679 salutialla-

1169 690 1374 774 desieram,
1405 716 1471 766 nec
1492 696 1711 786 doctrinam,
1750 725 1817 772 nec
1837 726 1956 777 mores
1984 719 2155 799 pastorem

1167 789 1376 887 inquirunt,
1399 818 1466 867 nec
1488 799 1699 891 praeficiunt
1716 800 1953 896 inspectores,
1974 802 2047 902 qui
2061 809 2156 883 indo·

1168 908 1242 967 ctos
1259 896 1437 969 erudiant.
1545 982 1558 989 ‚

1237 1002 1241 1009 ¹
1269 1026 1334 1105 vl.
1357 1027 1408 1104 Ut
1423 1030 1532 1122 igitur
1547 1027 1604 1103 his
1619 1034 1732 1106 causis
1745 1035 1984 1137 occurrant'),
2008 1042 2154 1134 primum
2169 1048 2175 1057 '

1167 1131 1211 1200 de
1224 1130 1413 1226 collatione
1425 1133 1694 1206 deliberandum
1702 1138 1780 1214 erit.
1803 1136 2155 1236 Incollegiiaprodett

1166 1233 1305 1304 restitui
1329 1231 1545 1307 Canonicam
1567 1237 1794 1327 electionem,
1833 1265 1900 1313 nec
1919 1245 2090 1331 concedi,
2109 1258 2153 1317 ut
2184 1276 2186 1283 ·

1165 1357 1287 1404 mense
1311 1332 1435 1428 Papali
1459 1350 1520 1407 aut
1544 1362 1610 1429 per
1640 1340 1727 1411 alias
1748 1343 1948 1417 occasiones
1972 1347 2153 1419 intrudan-

1165 1447 1226 1507 tur
1241 1436 1379 1507 indocti
1397 1451 1458 1509 aut
1471 1439 1564 1509 male
1579 1441 1718 1513 morati.

1266 1565 1453 1641 Caeterum
1469 1569 1509 1640 in
1523 1572 1694 1663 eligendis
1707 1577 1926 1667 pastoribus,
1948 1579 2016 1651 etsi
2029 1581 2088 1652 ius
2098 1604 2151 1673 pa-

1165 1669 1278 1741 tronis
1302 1672 1477 1742 nollemus
1501 1674 1630 1761 adimi,
1659 1688 1782 1747 tamen
1802 1703 1867 1750 nco
1889 1681 2036 1773 patroni
2058 1706 2150 1773 pree-

1165 1772 1286 1844 liciant
1307 1787 1483 1865 pastores,
1519 1797 1594 1846 non
1619 1776 1721 1869 prius
1745 1776 2012 1853 commendatos
2039 1770 2148 1883 aliquo

1165 1872 1367 1944 testimonio
1390 1871 1589 1958 Ecclesiae,
1618 1872 1688 1950 boc
1714 1893 1766 1952 est
1789 1877 2024 1954 bonestorum
2041 1879 2149 1954 bomi-

1166 1999 1252 2045 num
1275 1976 1314 2044 in
1329 1999 1371 2045 eo
1387 1991 1507 2064 coetu,
1531 1979 1589 2047 cui
1606 1981 1712 2051 datur
1726 1996 1855 2073 pastor.
1906 1981 1955 2056 Et
1969 1985 2076 2057 liceat
2087 1983 2148 2056 Ecss

1165 2076 1278 2146 clesiis
1302 2077 1446 2149 reiicere
1472 2079 1601 2170 impios
1627 2096 1688 2154 aut
1712 2108 1787 2153 non
1809 2084 1979 2173 idoneos,
2017 2101 2080 2161 aut
2099 2110 2147 2159 rc·

1163 2178 1255 2248 lerre
1269 2202 1345 2248 rem
1359 2180 1403 2249 ad
1418 2176 1632 2273 Episcopus,
1656 2198 1719 2255 aut
1733 2209 1812 2271 eos,
1835 2189 1898 2281 qui
1913 2189 1994 2258 loco
2009 2186 2146 2281 Episco-

1164 2304 1291 2372 porum
1307 2281 1481 2353 sustinent
1496 2285 1786 2372 gubernationem
1801 2284 2097 2365 Ecclesiasticam.

1263 2407 1450 2505 Episcopi,
1475 2410 1593 2486 anthi
1609 2419 1670 2511 qui
1684 2416 2145 2514 Ecclesiasticam'gnberua·

1162 2513 1296 2583 tionem
1331 2516 1407 2584 loco
1442 2539 1565 2585 eorum
1598 2521 1790 2606 sustinent,
1830 2525 1953 2594 nullos
1978 2526 2144 2607 ordinent,

1162 2615 1230 2683 nisi
1249 2617 1293 2684 ad
1315 2631 1406 2686 certa
1423 2618 1618 2689 ministeria
1632 2617 1820 2697 Ecclesiae.
1872 2625 1946 2695 Nec
1961 2626 2037 2697 sint
2052 2626 2142 2697 otiosi

1162 2717 1364 2802 sacrificuli,
1397 2732 1538 2789 tantum
1572 2744 1613 2789 eo
1646 2725 1822 2809 ordinati,
1861 2743 1902 2797 nt
1926 2727 2140 2799 victumsibi

1162 2834 1332 2910 quaerant
1346 2821 1496 2891 lectione
1512 2820 1722 2907 Missarum,
1741 2839 1784 2897 ut
1800 2827 1906 2916 vulgo
1923 2830 1975 2903 fit.

1260 2966 1332 3039 Nec
1349 2970 1561 3042 ordinentur
1582 2970 1813 3064 inexplorati,
1838 2976 1989 3047 sedsiut
2005 2978 2073 3046 viri
2088 2980 2142 3046 do·

1161 3070 1207 3137 cti
1223 3083 1393 3158 etgraves
1410 3072 1562 3164 aliquot,
1588 3072 1717 3166 quibus
1734 3075 1780 3146 sit
1806 3076 1843 3144 in
1867 3078 2031 3170 qualibet
2054 3081 2141 3147 dion

1161 3171 1230 3240 cesi
1248 3174 1414 3242 mandata
1436 3197 1520 3243 cura
1546 3175 1733 3256 examinis,
1760 3171 1799 3246 hi
1821 3180 2002 3249 nemiuem
2024 3181 2141 3251 admit·

1159 3285 1236 3342 tant
1255 3273 1299 3341 ad
1326 3274 1607 3362 ordinationem,
1640 3277 1710 3345 nisi
1744 3271 1880 3350 adferat
1904 3280 2140 3353 testimonium

1159 3376 1202 3443 de
1224 3375 1408 3444 vocatione
1421 3377 1466 3446 ad
1484 3390 1616 3447 certum
1630 3379 1884 3466 ministerium,
1910 3394 1946 3452 et
1970 3383 2017 3453 de
2040 3384 2141 3455 mori·

1158 3478 1244 3561 bus,
1277 3476 1408 3546 deiude
1434 3479 1631 3548 doctrinam
1650 3480 1845 3574 inquirant·
1860 3483 1913 3566 de,
1923 3485 2143 3575 dogmatibus

1157 3574 1333 3648 Ecclesiae
1358 3580 1573 3652 necessariis.
1624 3580 1664 3652 Si
1686 3605 1775 3674 quos
1797 3584 1982 3658 invenient
2006 3610 2142 3681 prorsus

1158 3680 1337 3766 indoctos,
1369 3675 1601 3772 prohibeant,
1631 3706 1676 3750 nc
1702 3685 1930 3771 ordinentur,
1956 3700 1994 3759 et
2017 3689 2144 3781 signifi-

1158 3793 1238 3851 cent
1250 3782 1409 3876 patronis
1424 3795 1486 3852 aut
1503 3779 1687 3863 Ecclesiis,
1712 3800 1753 3873 ut
1768 3787 1856 3856 alios
1877 3804 2052 3881 quaerant
2072 3793 2144 3861 ido-

1156 3905 1255 3955 neos.
1317 3882 1384 3954 Sin
1406 3898 1523 3953 autem
1551 3885 1618 3956 erit
1639 3886 1767 3980 aliquis
1788 3889 1962 3959 mediocri
1986 3893 2143 3963 doctrina

1156 3984 1368 4070 instructus,
1394 3999 1428 4054 et
1447 3985 1607 4056 videatur
1620 4010 1721 4078 posse
1737 3989 1904 4081 prolicere
1913 3991 1967 4085 ⁴),
1992 3995 2143 4064 detinea-

1156 4099 1234 4171 tur,
1260 4102 1294 4157 et
1316 4088 1361 4156 ab
1385 4087 1507 4179 aliquo
1529 4088 1766 4162 examinatore
1782 4116 1846 4183 per
1858 4116 2022 4164 mensem
2037 4120 2143 4167 unum
2184 4182 2186 4187 Ι

1157 4199 1261 4280 atque
1278 4188 1429 4258 alterum
1453 4189 1645 4262 erudiatur.
1695 4189 1787 4261 Nam
1801 4195 2071 4269 examinatores
2094 4198 2142 4267 illi

1157 4312 1231 4357 non
1252 4300 1390 4358 tantum
1410 4289 1482 4360 sint
1504 4290 1609 4361 otiosi
1641 4293 1819 4362 auditores
1851 4296 2142 4383 ordinandomm,

1156 4391 1216 4459 sed
1235 4391 1428 4481 suscipiant
1447 4390 1606 4462 laborem
1630 4394 1734 4463 etiam
1758 4396 1947 4466 erudiendi
1970 4398 2141 4470 indoctio-

1156 4515 1229 4576 res,
1262 4514 1390 4585 eosque
1421 4494 1560 4585 saepius
1582 4494 1739 4569 audiant.
1798 4493 1847 4566 Et
1870 4494 2061 4592 Episcopis
2087 4515 2141 4571 aut

1155 4594 1450 4682 gubernatoribus
1473 4619 1577 4664 curae
1599 4595 1662 4680 sit,
1694 4611 1734 4667 ut
1756 4621 1928 4689 pauperes
1954 4603 2140 4673 ordinandi

1155 4695 1297 4766 interim
1315 4695 1448 4765 victum
1465 4691 1634 4781 babeant,
1661 4710 1694 4767 et
1713 4699 1849 4791 aliquot
1873 4700 2009 4774 libellis
2031 4729 2141 4776 neces-

1154 4798 1254 4866 sariis
1273 4797 1506 4870 instruantur.
1558 4795 1654 4867 Haec
1678 4799 1791 4868 officia
1814 4803 1844 4870 si
1867 4817 2052 4877 sumtuosa
2076 4831 2140 4876 esse

1154 4900 1392 4977 arbitrantur,
1419 4898 1593 4988 cogitent,
1620 4901 1762 4970 nullum
1779 4925 1851 4972 esse
1874 4910 2033 4979 sanctius
2057 4911 2140 4979 elee-

1187 5286 1215 5354 8)
1231 5285 1296 5342 Bur„
1311 5297 1482 5343 occunatur.

1187 5374 1215 5445 4)
1234 5373 1299 5449 Bac.
1308 5375 1473 5444 praeliare.
1578 5442 1584 5454 ι
