4522 5752
103 204 186 287 ssa
559 214 562 221 ·
668 152 1111 273 murenarum
1153 193 1271 315 ma.
1305 192 1405 272 vm.
1459 192 1612 309 154¹.⁴
2073 198 2149 277 ³5⁸
2205 232 2210 237 -

106 372 377 471 ereptionibus
389 368 589 464 pastorum
617 366 769 441 habeant
782 370 884 462 pueri
903 382 938 438 et
956 366 1018 437 alii
1042 391 1106 437 ru·
1157 378 1210 437 est
1225 389 1266 436 ea
1279 367 1370 437 ratio
1378 364 1426 461 ³),
1452 381 1567 438 tamen
1588 364 1648 441 laic¹
1668 369 1861 459 cogitemus
1883 371 2018 444 dictum
2032 372 2148 465 Pauli,

107 474 228 551 diores
243 468 455 547 catechesin
472 470 575 543 certis
590 473 827 564 temporibus,
852 470 989 540 discant
999 464 1030 564 ·¹)
1055 468 1104 537 le-
1157 469 1220 562 qui
1240 468 1376 560 inquit,
1417 465 1590 540 humanas
1612 472 1819 544 traditiones
1839 467 1972 545 habere
1995 481 2147 571 speciem

108 600 188 669 gem
222 573 309 662 Dei,
351 574 554 667 exploretur
569 598 710 645 ,eorum
744 570 850 657 fides,
890 570 1106 660 castigentur
1156 569 1365 661 sapientiae,
1390 594 1455 640 nec
1472 573 1692 643 discedamus
1709 595 1730 641 a
1745 574 1892 646 veritate
1906 592 2052 671 propter
2068 582 2147 654 illas

106 679 202 749 male
226 677 372 761 morati;
412 691 638 746 coerceantur
667 696 791 745 omnes
822 687 918 744 metu
945 670 1104 742 civilium
1156 671 1329 762 speciosas
1351 672 1516 743 rationes.
1581 672 1736 762 Quidam
1758 688 1875 745 autern
1896 678 2054 751 fortassis
2073 708 2147 756 non

106 778 230 871 legum
249 791 285 850 et
307 799 516 871 poenarum.
580 775 632 846 lli
655 790 739 847 sunt
769 776 872 846 nervi
898 772 1104 866 disciplinae
1156 787 1302 864 propter
1322 773 1563 865 disciplinam,
1602 777 1662 846 secl
1692 789 1836 867 propter
1868 801 1945 850 suas
1975 783 2146 859 utilitates

106 880 260 975 proprii·
1156 875 1351 945 defendunt
1369 870 1435 944 boc
1450 897 1598 966 regnum
1617 877 1900 966 confessionum,
1926 887 2022 975 quod
2044 905 2147 980 auget

163 1062 177 1077 ⁶
210 1008 426 1106 Quanquam
448 1024 568 1081 ΜΕ,
592 1007 776 1082 Argeum,
799 1009 879 1081 palis
905 1021 975 1095 esp,
1007 1020 1049 1079 up
1070 1020 1105 1077 ει
1155 975 1378 1094 autoritatem
1399 977 1553 1094 ordinis,
1582 976 1773 1071 locupletat
1793 977 2001 1071 monachos3
2039 989 2146 1061 dimi.

108 1106 155 1184 ad
179 1112 407 1206 disciplinam
433 1112 563 1204 prosit,
603 1126 638 1184 et
661 1112 843 1182 medeatur
865 1109 1104 1195 conscientiis3
1156 1088 1236 1147 ⁰³⁰²
1260 1091 1364 1196 ‘imm
1388 1079 1504 1196 ah‘1¹¹¹‚
1524 1081 1569 1149 de
1592 1076 1658 1150 ¹¹³⁰
1678 1082 1770 1170 lege,
1802 1105 1847 1152 ¹¹²
1869 1084 1991 1171 ⁸i¹¹³⁰l
2008 1089 2146 1186 aliquid

108 1204 256 1309 prodest
271 1212 367 1284 enim
380 1216 425 1286 ad
440 1214 676 1307 disciplinam,
699 1213 782 1308 quia
796 1220 876 1283 cum
892 1213 1105 1283 retineamus
1157 1180 1296 1271 decisi>l
1322 1180 1366 1247 de
1388 1193 1576 1297 ³¹¹19¹¹¹³²⁸
1602 1183 1831 1309 ⁵l¹¹⁰d⁰f¹¹¹¹b
1887 1182 1958 1256 Sed
1977 1183 2046 1260 hoc
2066 1196 2145 1266 loco

107 1317 285 1409 privatam
306 1316 585 1401 absolutionem,
624 1316 796 1386 accedunt
817 1315 950 1405 singuli
974 1314 1020 1382 ad
1043 1337 1105 1404 pa·
1156 1275 1219 1349 ¹¹³⁸
1235 1302 1354 1400 “fimf
1370 1294 1542 1400 ‘'lifgstm
1558 1281 1725 1402 ⁰⁰¹¹Jm¹¹⁸
1746 1288 1774 1380 i·
1824 1282 2146 1369 Nuncaduciemus

110 1430 242 1502 stores,
267 1418 313 1487 ab
335 1413 392 1487 his
414 1417 608 1511 explorari,
633 1415 792 1497 institui,
825 1415 1001 1507 increpari
1023 1437 1105 1505 pos-
1156 1395 1270 1452 ΜΠ
1286 1383 1427 1453 “rumh
1444 1383 1755 1459 ⁰⁰¹¹fif¹¹¹³l¹⁰¹¹m

108 1530 210 1589 sunt:
238 1516 384 1588 interim
396 1532 531 1602 tamen,
553 1542 598 1588 ne
613 1518 821 1588 iniiciantur
833 1518 950 1611 laquei
975 1516 1045 1609 piis
1071 1529 1105 1586 et
1256 1527 1338 1600 Non
1378 1543 1432 1600 est
1464 1531 1622 1624 quaestio
1655 1535 1699 1603 de
1731 1529 1967 1608 Absolutione
1995 1544 2145 1633 privata.

107 1619 368 1713 perterrefactis
392 1620 634 1707 conscientiis,
672 1619 759 1690 item
782 1643 827 1689 ne
852 1618 1106 1711 confirmentur
1155 1627 1300 1700 Constat
1316 1631 1411 1700 enim
1427 1632 1571 1702 retineri
1588 1634 1626 1703 in
1641 1629 1954 1710 Ecclesiisnostris
1973 1658 2006 1713 et
2022 1647 2146 1720 defen.

109 1743 248 1791 errores
267 1743 310 1791 ex
334 1721 600 1792 enumeratione
630 1719 720 1801 orti,
760 1720 929 1791 nolumus
963 1718 1104 1789 onerari
1156 1732 1194 1799 di
1209 1733 1466 1802 absolutionem
1485 1735 1666 1823 privatam.
1715 1735 1908 1828 Praecipua
1923 1757 1974 1812 est
1988 1754 2146 1840 quaestio

108 1821 344 1897 conscientias
375 1822 451 1913 lege
483 1823 684 1914 postulante
715 1821 1018 1891 enumerationem
1044 1842 1107 1890 ⁵0¹1
1157 1834 1200 1902 de
1218 1834 1482 1903 enumeratione
1498 1834 1706 1907 delictorum
1720 1840 1759 1921 iu
1775 1842 2005 1920 confessione.
2057 1849 2149 1923 Tres

108 1923 293 2009 omnium,
317 1946 379 1994 seu
393 1944 605 2015 paucorum,
631 1936 800 2016 tanquam
819 1921 1061 1992 necessariam·
1156 1948 1272 2006 autem
1296 1935 1520 2024 gravissimae
1543 1962 1666 2009 causae
1683 1955 1784 2026 sunt,
1809 1957 1953 2036 propter
1975 1973 2063 2042 quas
2083 1956 2146 2025 de-

209 2043 387 2126 Dixerunt
402 2054 595 2125 adversarii
611 2055 912 2126 enumerationem
938 2075 1012 2125 esse
1030 2076 1106 2123 me-
1156 2036 1334 2112 sendimus
1347 2031 1439 2106 hanc
1464 2039 1693 2122 senientiam,
1719 2044 1815 2135 quod
1825 2040 1985 2119 Ecclesia
2006 2057 2146 2128 nonsit

108 2157 221 2229 ritum
234 2157 469 2241 remissionis;
494 2157 681 2242 dixerunt,
706 2155 788 2226 ideo
808 2157 1038 2225 necessariam
1053 2178 1107 2225 es-
1156 2139 1337 2255 “neffffldss
1376 2138 1452 2227 1²8⁰
1495 2142 1695 2231 postulante
1735 2150 2038 2223 essllfflssraiiOnom
2083 2146 2145 2229 seu

107 2282 166 2344 se,
189 2270 233 2328 ut
248 2258 391 2328 auditor
403 2257 632 2329 confessionis
648 2271 816 2351 tanquam
830 2256 937 2327 iudex
952 2257 1107 2348 irrogare
1157 2263 1336 2324 ⁰¹1¹1¹1¹²¹¹¹s
1361 2262 1422 2309 ⁵⁸¹¹
1437 2264 1649 2331 Pauoemms
1673 2257 1841 2339 iossqssom
1857 2255 2099 2331 necessariam.

108 2359 280 2477 mulffflm
301 2360 421 2452 P⁰⁵⁵li
472 2358 643 2478 sequitu?
663 2372 830 2451 Perpetui¹
854 2359 1049 2479 dubfiflllffi
1075 2357 1106 2426 δί
1257 2384 1377 2458 Prima
1393 2401 1460 2469 est,
1483 2391 1578 2481 quod
1596 2385 1682 2461 baec
1697 2395 1915 2467 enumeratio
1929 2398 2148 2479 existimatur

109 2462 337 2532 renuendum
351 2473 417 2546 est,
439 2474 743 2531 enumerattonem
764 2482 997 2530 necessarum
1021 2481 1105 2532 esse.
1158 2511 1229 2558 esse
1245 2489 1361 2559 cultus
1377 2504 1411 2561 et
1428 2491 1594 2561 meritum
1612 2494 1829 2565 ,emissionis

109 2558 211 2632 llaec
222 2561 398 2634 dubitatio
415 2562 587 2651 extinguit
609 2562 727 2635 fidem.
776 2559 915 2632 Harum
935 2561 1105 2631 maxima·
1831 2550 1841 2572 '

110 2686 193 2733 rum
215 2668 335 2733 rerum
355 2660 594 2754 spiritualium
618 2662 804 2754 praecipue
826 2663 917 2736 ratio
941 2657 1105 2734 habenda

111 2777 166 2833 est
186 2763 225 2832 in
248 2761 417 2833 Ecclesia.
476 2762 601 2835 Postea
623 2765 816 2833 videndum
840 2764 1106 2857 quibusmodis

108 2888 133 2935 a
145 2861 223 2937 Deo
237 2865 377 2936 traditis
392 2865 579 2957 disciplina
594 2866 778 2936 retinenda
795 2865 850 2938 sit.
1258 2854 1401 2942 Tertia,
1423 2858 1519 2949 quod
1537 2856 1609 2928 Lex
1637 2862 1681 2929 de
1710 2868 1978 2939 enumeratione
2002 2873 2147 2945 adducit

1159 2957 1391 3029 conscientias
1422 2958 1462 3027 in
1485 2960 1760 3049 dubitationem,
1800 2991 1891 3061 quae
1912 2971 2085 3065 extinguit
2104 2977 2148 3046 fi.

1158 3062 1248 3129 dem.
1299 3055 1349 3127 lli
1362 3060 1552 3151 perniciosi
1566 3086 1701 3133 errores
1718 3068 1827 3138 secuti
1843 3084 1926 3142 sunt
1949 3098 1989 3144 ex
2005 3079 2148 3167 opinio-

1160 3182 1204 3226 ne
1218 3158 1280 3227 illa
1296 3161 1341 3228 de
1354 3162 1558 3232 necessitate
1573 3168 1861 3244 enumerationis.
1902 3169 1978 3243 lmo
1994 3170 2051 3247 hic
2066 3179 2145 3251 fons

1158 3272 1210 3329 est
1225 3260 1329 3329 etiam
1348 3262 1624 3335 satisfactionum
1639 3290 1730 3359 quae
1744 3267 1822 3340 Deo
1835 3272 2033 3364 displicent.

1255 2618 1440 2707 Secunda,
1471 2627 1566 2717 quo'd
1594 2625 1724 2698 dicitur
1746 2633 1938 2721 postulari,
1978 2650 2019 2709 nt
2038 2644 2148 2732 possit

1152 2721 1268 2792 indici
1288 2723 1489 2810 satisfactio.

217 2994 309 3067 Cum
329 2997 439 3086 igitur
461 2997 634 3088 sapientes
656 2996 711 3066 illi
734 2997 778 3066 de
796 2990 983 3087 disciplina
997 2995 1107 3065 disse·

112 3112 219 3183 runt,
257 3099 448 3190 respiciant
474 3099 645 3168 etiamad
669 3098 815 3168 alteram
838 3110 973 3189 partem
997 3096 1109 3186 magis

111 3198 368 3285 necessariam,
392 3199 555 3270 videlicet
572 3202 617 3270 ad
630 3199 726 3268 varia
736 3197 766 3292 ²)
789 3198 943 3289 pericula
968 3199 1107 3288 piarum

111 3301 421 3374 conscientiarum.
478 3299 519 3371 si
542 3296 641 3370 hunc
662 3301 778 3391 ipsum
799 3300 906 3371 ritum
929 3300 967 3368 in
981 3296 1106 3368 Eccle-

109 3402 175 3472 siis
196 3401 328 3472 nostris
350 3402 531 3486 viderent,
561 3402 718 3471 fortassis
740 3401 865 3470 fierent
887 3400 1107 3491 placatiores.
1259 3389 1308 3463 Ut
1340 3391 1449 3482 igitur
1477 3394 1609 3467 Paulus
1635 3396 1792 3473 clamitat
1829 3405 2004 3498 abrogans
2033 3412 2146 3504 legem
2199 3414 2203 3421 '

110 3498 228 3573 Nemo
253 3501 455 3573 admittitur
481 3505 525 3572 ad
557 3501 862 3585 communionem,
902 3501 973 3572 nisi
1008 3501 1107 3591 prius
1156 3488 1369 3578 Mosoicam,
1392 3501 1487 3564 state
1503 3495 1543 3565 in
1567 3494 1733 3570 libertate
1749 3504 1931 3591 videlicet,
1963 3535 2008 3581 ne
2027 3508 2147 3585 homi·
2214 3492 2217 3496 Α

111 3602 315 3696 exploratus
336 3616 372 3675 et
391 3603 573 3675 absolutus
595 3604 641 3675 sit
662 3628 681 3673 a
703 3617 842 3696 pastore
863 3624 924 3672 seu
939 3601 1107 3686 diacono,
1158 3615 1219 3662 nes
1235 3606 1401 3684 putarent
1415 3599 1649 3669 caeremonias
1666 3602 1752 3693 legis
1769 3607 1904 3680 cultum
1926 3625 1960 3684 et
1979 3615 2146 3689 meritum

111 3706 154 3774 in
173 3727 215 3776 eo
231 3705 410 3798 colloquio
425 3704 528 3775 multi
544 3718 669 3796 petunt
684 3703 829 3775 consilia
856 3704 900 3773 de
921 3703 1024 3773 certis
1049 3727 1107 3772 ca·
1156 3694 1375 3766 remissionis
1391 3718 1481 3785 esse,
1506 3698 1555 3771 ita
1571 3707 1637 3771 nos'
1650 3702 1848 3779 libertatem
1870 3719 2145 3791 enumeratioffis

113 3806 232 3891 sibus,
249 3806 367 3877 'multi
389 3806 612 3880 erudiuntur.
671 3802 720 3875 Et
740 3803 888 3895 singulis
909 3800 1108 3874 Dominicis
1158 3796 1347 3868 defendere
1363 3814 1522 3893 oportet,
1541 3817 1582 3874 ut
1597 3803 1797 3896 intelligant
1809 3811 1879 3902 pii,
1903 3816 2146 3891 remissionem

112 3930 243 3997 magna
272 3920 324 3977 est
346 3908 544 4002 frequentia
567 3908 821 3977 confitentium.
878 3904 920 3977 si
941 3906 1003 3998 qui
1024 3920 1108 3978 sunt
1157 3912 1379 3988 peccatorum
1393 3926 1467 3971 non
1482 3906 1636 3995 pendere
1654 3931 1695 3976 ex
1718 3915 1983 3987 enumeratione
2004 3934 2065 3990 aut
2090 3946 2147 3995 sa-

112 4010 209 4079 male
231 4009 377 4094 morati,
412 4020 578 4078 arcentur
601 4034 619 4078 a
641 4006 908 4090 communione,
934 4019 968 4076 et
989 4021 1108 4098 pastor
1157 4000 1436 4088 tisfactionibus,
1459 4004 1542 4074 item
1557 4030 1603 4075 ne
1619 4006 1704 4079 fides
1726 4012 1950 4105 extinguatur
1969 4032 2004 4090 et
2023 4026 2146 4116 oppri-

111 4111 283 4181 admonet
303 4110 527 4201 magistratus
549 4109 605 4179 sui
627 4109 744 4182 officii.
795 4106 834 4178 Si
860 4108 938 4201 quis
951 4104 1107 4200 propha-
1156 4112 1277 4171 matur
1305 4103 1527 4176 dubitatione
1560 4121 1595 4179 et
1625 4111 1879 4202 desperatione.
1945 4118 2145 4214 Loquimur

111 4233 185 4281 nus
198 4211 312 4281 nollet
327 4213 490 4280 accedere
504 4213 549 4279 ad
572 4209 880 4292 communionem,
904 4210 1108 4279 admonitus
1157 4215 1274 4273 autem
1294 4197 1353 4273 hic
1373 4228 1448 4275 non
1473 4208 1517 4277 de
1544 4210 1686 4301 publica
1706 4210 1954 4306 confessione,
1992 4223 2032 4292 in
2066 4251 2146 4321 qua,

111 4334 197 4383 cum
215 4336 288 4380 non
303 4314 539 4402 obtemperat,
563 4312 785 4402 vituperatur
801 4310 839 4378 in
862 4309 1002 4400 publica
1023 4334 1108 4380 con·
1158 4326 1238 4373 cum
1254 4298 1411 4375 Ecclesia
1426 4306 1557 4381 iudicet
1578 4311 1623 4380 de
1640 4314 1834 4387 manifestis
1855 4320 2082 4411 criminibus,
2106 4330 2146 4402 fit

112 4415 238 4497 cione,
264 4409 642 4505 ethabeturtanquam
659 4411 992 4484 excommunicatus.
1033 4410 1108 4480 'l'a-
1158 4406 1376 4475 enumeratio
1390 4422 1455 4479 'seu
1469 4413 1602 4481 mentio
1617 4412 1826 4507 criminum,
1849 4423 1942 4492 utin
1956 4424 2035 4495 aliis
2049 4429 2146 4499 iudi·
2212 4412 2223 4429 ’

113 4516 160 4583 lis
182 4515 273 4584 ritus
297 4515 398 4584 utilis
419 4527 471 4585 est
494 4516 538 4582 ad
561 4513 802 4603 disciplinam,
828 4526 862 4582 et
884 4512 1108 4583 conscientiis
1158 4505 1222 4574 ciis
1236 4498 1412 4580 humanis.
1462 4508 1533 4581 Sed
1555 4507 1613 4584 hic
1635 4512 1818 4609 loquimur
1840 4510 1887 4592 de¹
1905 4548 2032 4599 arcana
2048 4522 2146 4602 Coo·

111 4639 191 4686 non
206 4615 419 4685 iniiciuntur
436 4614 565 4707 laquei.
987 4668 990 4673 .
1158 4605 1328 4688 fessione,
1353 4609 1475 4707 inqua
1493 4614 1625 4704 petitur
1645 4617 1820 4693 absolutio
1844 4648 1909 4715 pro
1931 4632 2147 4705 conscientia

217 4745 314 4816 Haec
335 4747 482 4837 praefati
504 4766 624 4814 sumus
646 4744 691 4813 ad
712 4744 903 4835 placandos
929 4764 1022 4828 cos,
1045 4745 1108 4838 qni
1159 4730 1277 4836 “ffffm
1290 4703 1446 4829 {lewes
1459 4736 1581 4831 ΨΜ
1593 4716 1830 4836 ministrat-ut
1844 4725 1928 4798 totis
1942 4730 2145 4824 intelligunt

113 4862 316 4943 queruntur
331 4847 421 4917 solvi
436 4845 670 4938 disciplinam.
722 4842 936 4936 Quanquam
953 4845 1108 4937 speciosa
1160 4833 1210 4902 ΡΠ
1229 4805 1246 4901 )
1267 4809 1457 4884 ‘immin
1479 4828 1574 4889 miei
1592 4819 2084 4923 ιΠΨ]Ι)11Ῑ)Ῑὶῦῑὶῐῐῑἱῑῑᾶὶεἰιιιη,
2110 4853 2180 4908 et·

1167 5031 1368 5046 o———nnn-

151 5196 181 5261 ι)
196 5191 281 5247 ΡΜ,
293 5190 425 5248 mendo„
437 5195 542 5248 algam,
1193 5174 1221 5244 8)
1239 5177 1315 5230 Libri
1328 5176 1407 5232 editi:
1427 5184 1530 5237 oratio.

151 5278 187 5342 Ι)
205 5275 282 5329 Libri
294 5274 375 5330 editis
394 5277 495 5344 μανία,
511 5297 541 5332 er
554 5276 671 5342 merom
694 5280 865 5351 namussrrto
886 5292 991 5346 germ-s
1014 5292 1108 5336 mans
1145 5300 1172 5327 .··
1193 5256 1222 5325 ⁴)
1240 5256 1316 5355 iibri
1332 5261 1412 5317 odili:
1427 5268 1579 5323 noltdmus.

187 5345 305 5415 bestat
323 5346 387 5400 ooo
404 5346 603 5417 atttfttttgs
622 5345 721 5416 vobs.
1194 5342 1221 5412 5)
1241 5342 1315 5398 bibra
1333 5342 1547 5411 aditiaerudtfs'.

1301 5411 1386 5490 25*
