4522 5752
105 212 181 285 867

106 380 301 509 QQQ.
811 426 814 431 ·
929 402 986 461 11.
1003 389 1097 473 Sept·

923 482 1094 510 w„

381 552 531 649 loccis.
565 564 824 653 Canza-arto.

135 810 139 821 .
177 740 262 812 Epist.
279 738 313 793 ad
328 736 468 818 lhmerar.
482 756 509 810 p.
520 736 572 790 410
584 755 624 809 sq.
652 739 706 805 (ed.
719 738 806 794 Lond.
821 739 870 795 lib.
885 740 933 797 lV.
949 759 992 814 ep.
1005 740 1077 808 283.)

109 874 270 956 Clariis.
296 878 373 951 siro
406 874 434 948 I
442 872 653 949 oachimo
684 874 960 953 Camerario
985 879 1105 954 Bam-

344 979 512 1075 bergensi
531 980 651 1053 amico
670 983 874 1067 carissimo,

110 1094 154 1185 S.
180 1113 227 1190 D.
277 1113 404 1184 Subito
422 1126 495 1184 erat
511 1112 731 1201 ingressurus
748 1116 825 1201 iter,
841 1114 886 1190 D.
902 1110 1107 1203 Adrianus,

111 1219 231 1288 etiam
249 1218 382 1285 litteras
396 1222 575 1306 acceperat
588 1218 632 1285 de
649 1218 809 1304 contagio
828 1218 898 1287 luis
920 1220 996 1289 istic
1011 1242 1106 1309 gras-

111 1333 221 1393 sante.
272 1316 392 1405 Quare
414 1318 458 1385 ad
481 1329 515 1385 te
538 1317 766 1387 scribendum
791 1320 897 1404 dccxi,
930 1344 971 1389 ac
992 1335 1026 1391 te
1042 1324 1106 1391 ad-

110 1416 349 1504 hortandum,
374 1431 415 1488 ut
436 1416 620 1507 coniugem
636 1443 716 1487 cum
738 1421 872 1490 familia
893 1417 964 1493 huc
985 1425 1107 1492 adme

111 1524 249 1601 mittas,
276 1523 389 1590 donec
412 1519 548 1611 aliquid
573 1522 617 1590 de
638 1515 758 1590 schola
784 1522 853 1614 ipsi
874 1524 1106 1621 constituetis,

112 1641 173 1695 aut
195 1622 380 1706 videbitis,
407 1644 454 1691 an
475 1619 582 1691 latius
603 1634 810 1711 vagaturum
830 1625 876 1694 sit
895 1626 1107 1715 contagium.

113 1722 168 1795 Te
186 1738 328 1818 quoque
342 1722 509 1791 advenire
523 1722 688 1813 optarim,
711 1736 755 1805 et,
780 1724 811 1793 si
826 1726 902 1795 fieri
917 1741 1043 1818 potest.
1065 1740 1107 1799 ut
1209 1781 1212 1785 -

22 1890 25 1895 .
112 1828 235 1897 venias
249 1850 324 1897 oro.
362 1822 433 1895 Sed
448 1824 606 1894 fortassis
621 1826 875 1899 retinebunt'te
890 1824 954 1896 hae
971 1830 1107 1897 delibe-

113 1928 286 2012 rationes,
311 1940 348 1997 et
365 1938 468 2017 spero
482 1926 548 1995 tibi
562 1925 682 1995 minus
700 1928 774 1995 lore
788 1930 957 2019 periculi,
984 1929 1106 2023 'l‘eque

113 2054 219 2101 curae
233 2052 307 2099 esse
321 2025 399 2098 Deo
409 2050 489 2097 non
504 2027 641 2100 dubito.
698 2026 829 2098 Verum
853 2024 921 2099 hoc
937 2031 1013 2099 sinc
1032 2034 1107 2101 ulla

112 2132 319 2203 difficultate
335 2130 448 2201 iacere
464 2142 574 2222 potes,
591 2142 633 2198 ut
644 2123 715 2198 buc
730 2143 897 2225 tanquam
913 2134 1109 2223 expatiatu-

113 2258 191 2305 ram
208 2234 327 2305 mittas
347 2230 530 2304 familiam.
580 2228 724 2301 Mecum
744 2233 806 2303 illa
830 2236 1014 2304 commode
1034 2258 1108 2305 esse

114 2334 258 2430 poterit.
306 2332 398 2403 Nam
414 2331 453 2401 in
468 2333 557 2402 meis
573 2332 720 2401 aedibus
739 2334 854 2404 maius
874 2338 1050 2422 conclave,
1073 2351 1109 2406 et

113 2437 229 2509 maius
244 2433 447 2505 cubiculum
461 2446 678 2503 vacuarunt.
727 2432 877 2530 Eritque
893 2462 991 2521 meae
1006 2460 1109 2509 uxore

115 2552 150 2609 et
175 2537 268 2607 filiae
292 2536 447 2607 iucunda
474 2537 693 2605 consuetudo
726 2549 805 2607 tuae
836 2538 1002 2610 familiae.
1059 2536 1109 2609 Et

114 2651 254 2710 sumtus
277 2661 423 2729 prorsus
444 2661 519 2706 non
542 2638 777 2725 augebuntur.
827 2638 960 2732 Scripsi
981 2641 1110 2727 subito,

36 2764 42 2773 ·
116 2755 219 2833 teque
235 2762 334 2827 rogo,
358 2754 400 2810 ut
419 2734 511 2807 hanc
526 2738 624 2830 quasi
643 2738 907 2809 rusticationem
931 2742 1002 2814 tuis
1022 2766 1110 2813 con·

116 2844 230 2913 cedas.
280 2838 378 2911 Bene
392 2840 483 2914 vale.
515 2840 574 2909 die
589 2836 655 2915 xt.
670 2839 901 2933 Septembris.

681 2970 869 3067 Philippus
885 2970 1060 3050 Melantb.

117 3212 534 3231 W·-
545 3212 1098 3228 *numu—wm-

128 3372 198 3447 Νο.
212 3366 325 3444 2560.

111 3466 329 3501 'Numi

951 3376 1008 3444 14.
1025 3372 1111 3459 Sept.

943 3466 1114 3493 *em

446 3552 509 3641 Ιο.
537 3554 792 3640 Riemanno.

186 3736 208 3801 †
224 3732 262 3787 Er
275 3730 428 3805 apographo
442 3731 472 3783 iu
485 3729 548 3785 ced.
561 3726 673 3784 Monac.
684 3729 726 3785 87.
743 3746 792 3784 no.
805 3728 851 3785 lll.
868 3748 897 3802 p.
911 3730 979 3786 osb.

119 3889 289 3988 Egregia
303 3888 437 3986 pietate
454 3896 485 3958 et
500 3882 667 3957 doctrina
679 3883 850 3982 praedito
865 3883 920 3957 D.
935 3882 965 3956 I
968 3911 1022 3958 oa
1032 3889 1116 3959 nni

193 3988 451 4076 Rimanno,
475 3984 631 4106 Pastori
651 3984 841 4060 Ecclesiae
854 3987 895 4058 in
909 3986 1040 4085 Hayn,

509 4114 628 4161 amuco
645 4115 724 4178 suo,

117 4206 165 4299 S·
180 4228 225 4303 D.
250 4226 374 4320 Nuper
389 4225 524 4296 subitae
538 4222 785 4315 occupationes
802 4224 1011 4311 inciderant,
1025 4251 1115 4320 quae

119 4326 401 4422 prohibuerunt,
440 4352 511 4421 quo
544 4326 663 4395 minus
696 4327 956 4417 responderem.
1010 4325 1114 4399 Certe

121 4434 212 4501 bene
236 4432 318 4501 volo
343 4427 556 4499 adolescenti
572 4427 645 4495 lilio
663 4440 796 4512 vestro,
821 4430 935 4521 deque
960 4430 1035 4499 eius
1056 4430 1113 4497 in-

120 4532 225 4623 genio
244 4533 334 4602 bene
358 4532 482 4613 scirtio,
505 4542 546 4597 ut
561 4528 634 4618 ipse
649 4529 725 4600 scit.
775 4527 815 4598 si
829 4532 964 4598 adesset
985 4526 1044 4599 hic
1061 4532 1114 4600 la-

123 4634 226 4704 cilius
255 4631 498 4703 conditionem
528 4628 685 4699 nancisci
712 4643 845 4719 posset3
886 4656 968 4699 nam
996 4633 1112 4704 subito

121 4736 328 4829 plerumque
351 4746 435 4802 sunt
467 4726 533 4801 bac
561 4730 834 4800 deliberationes
860 4734 904 4801 de
931 4732 1113 4804 mittendis

121 4832 337 4909 scholasticis
360 4836 404 4902 ad
433 4848 543 4903 certas
570 4832 782 4905 functiones.
833 4832 1018 4905 Praeterea
1048 4836 1113 4905 lilii

123 4943 194 5011 iam
207 4960 304 5009 nunc
317 4948 369 5006 est
385 4948 490 5019 aetas,
512 4948 553 5006 ut
567 4934 678 5025 possit
693 4933 726 5002 ei
738 4957 868 5003 munus
876 4930 913 5029 *)
929 4932 1114 5007 scholasti·
1198 4990 1204 5001 ,

124 5065 204 5115 cum
232 5036 487 5111 commendari.
542 5032 597 5107 Ac
618 5034 725 5107 citius
746 5034 980 5107 inveniuntur
1003 5039 1113 5109 ecclc-

124 5242 316 5259 ,ι’-.-

153 5372 185 5443 s)
203 5390 307 5429 mum„
318 5368 414 5443 ,eripit
426 5385 478 5441 pro
489 5364 652 5440 mequod
666 5384 696 5419 es
709 5366 809 5422 mendo
822 5367 900 5423 babet
914 5369 979 5425 cod.

704 208 1137 289 setsroealtunt
1185 218 1384 297 muln
1437 218 1569 303 tate

1149 391 1286 463 siastica
1316 416 1465 464 munera
1492 408 1527 465 ct
1554 408 1640 467 sunt
1668 396 1834 469 uberiora
1858 420 1973 491 quarn
2004 390 2135 471 sebolae.

1151 492 1311 565 Proiecto
1329 491 1419 565 mihi
1443 519 1518 565 non
1533 499 1629 568 deest
1642 498 1807 570 voluntas
1828 496 1986 569 iuvandi
2005 496 2068 565 lilii
2087 522 2135 567 ce-

1150 596 1226 671 stri.
1274 595 1373 667 Bene
1390 597 1514 670 valete.
1562 596 1631 670 Die
1649 597 1709 677 tt.
1725 599 1848 695 Septb.

1894 728 1997 807 Phil.
2017 728 2096 805 Mel.

1982 1098 2123 1181 casea.

1977 1190 2127 1221 Μ

1400 1276 1521 1362 Hier.
1540 1264 1911 1391 Beumgnffnnn.

1223 1433 1308 1559 Elill'
1323 1434 1480 1577 llib.pV1.9p
1490 1438 1544 1494 101
1554 1459 1598 1512 sq.
1610 1468 1648 1485 -
1672 1440 1766 1498 ilices
1780 1440 1953 1513 autographo
1967 1440 1996 1495 in
2009 1440 2068 1497 eod.
2078 1438 2130 1495 ltc-

1154 1652 1438 1753 Hieronymo
1463 1620 1827 1832 Bomgprtnero,
1869 1658 2047 1733 Senatori
2064 1656 2131 1733 llio

1584 1788 1618 1831 re
1644 1787 1717 1858 erg.

1153 1871 1199 1962 S.
1228 1891 1272 1968 D.
1322 1884 1509 1988 Puaias¹)
1526 1908 1646 1965 noster
1659 1896 1912 1967 adolescentiae
1930 1910 2134 1987 praestatae·

1155 1994 1373 2076 siduitatem,
1406 2020 1514 2087 quam
1533 1998 1692 2066 muneris
1717 1999 1807 2067 ratio
1828 1999 2007 2089 postulat,
2040 2020 2135 2091 eoque

1154 2097 1296 2166 turbam
1313 2096 1421 2165 nimis
1435 2119 1599 2187 magnam
1616 2122 1690 2168 non
1702 2099 1869 2184 admittit,
1885 2111 1921 2169 et
1932 2098 2060 2189 fugitat
2073 2100 2135 2169 sin·

1155 2198 1269 2286 gulari
1292 2222 1365 2267 non
1381 2199 1496 2268 solum
1511 2200 1721 2289 prudentia,
1748 2203 1806 2269 sed
1831 2199 1940 2269 etiam
1964 2202 2137 2273 faelicitate

1155 2301 1236 2368 illos
1250 2300 1387 2384 fluctus,
1413 2322 1502 2393 qaros
1516 2313 1557 2370 tu
1572 2316 1607 2372 et
1622 2324 1685 2391 ego
1700 2302 1853 2393 effugere
1869 2325 1946 2372 non
1962 2304 2138 2395 potuimus,

1097 2438 1106 2455 ·
1156 2401 1316 2470 civilium
1335 2401 1500 2471 videlicet
1522 2404 1755 2491 negotiorum.
1806 2402 1876 2473 Sed
1901 2404 1958 2472 illi
1982 2418 2018 2475 et
2039 2416 2139 2473 suaet
2179 2458 2181 2477 .

1156 2498 1305 2573 Scholae
1326 2525 1428 2571 causa
1451 2504 1611 2591 gratulor
1633 2499 1700 2573 hoc
1717 2506 1848 2575 otium:
1875 2528 2051 2599 speroque
2065 2506 2140 2575 ado-
2175 2514 2181 2527 “

1157 2602 1317 2673 lescentis
1334 2602 1481 2689 studiis,
1505 2606 1635 2697 dequo
1652 2606 1795 2691 scribis,
1827 2608 2054 2697 profuturam
2076 2606 2140 2677 eius
2177 2674 2181 2685 ,

1157 2706 1460 2774 consuetudinem.
1509 2702 1598 2795 Ego,
1623 2706 1706 2800 quia
1722 2730 1824 2800 saepe
1842 2731 1915 2777 una
1931 2730 2072 2790 sumus,
2094 2708 2140 2777 ia·

1158 2809 1298 2878 terdum
1314 2807 1431 2877 studia
1446 2806 1521 2876 eius
1538 2806 1734 2899 inspiciam.

1257 2936 1350 3008 Novi
1373 2964 1470 3013 nunc
1493 2934 1588 3009 nibil
1610 2935 1799 3024 habemus,
1823 2942 1966 3011 utinam
1984 2942 2140 3013 diuturna

1159 3039 1204 3110 sit
1220 3034 1306 3110 haec
1320 3042 1568 3134 tranquillitas.
1615 3036 1790 3113 Existimo
1807 3054 1840 3112 te
1856 3057 2062 3114 nostrorum
2074 3066 2141 3111 rno-

1160 3142 1378 3212 derationem
1398 3144 1561 3229 laudare,
1583 3146 1678 3235 quod
1699 3145 1745 3213 ab
1762 3144 1890 3229 annis,
1911 3145 2019 3237 pulso
2033 3158 2142 3239 tyran·

1160 3267 1207 3312 no
1216 3238 1247 3338 ²)
1273 3244 1517 3318 discesserunt.
1573 3240 1807 3315 Locustarum
1836 3268 1968 3337 magna
1993 3246 2046 3315 vis
2072 3246 2141 3313 inde

1159 3338 1316 3440 usqne*)
1343 3369 1384 3413 er
1400 3344 1586 3416 Sarmatiis
1607 3346 1646 3415 in
1664 3344 1818 3441 Mysiam
1834 3361 2001 3418 nostram
2011 3346 2141 3417 advole-

1159 3442 1260 3541 vit').
1309 3442 1384 3518 Aut
1405 3447 1500 3516 luem
1522 3458 1583 3516 aut
1599 3448 1791 3517 adventum
1812 3448 2024 3540 peregrinae
2042 3444 2140 3539 gentis

1161 3546 1361 3619 denunciat.
1397 3545 1495 3617 Deus
1508 3547 1601 3619 adsit
1615 3549 1720 3618 nobis
1733 3562 1769 3619 et
1785 3571 1851 3618 nos
1865 3564 1966 3640 regat
1978 3574 2022 3619 ac
2034 3550 2142 3617 delen

1161 3649 1231 3721 dat.
1282 3647 1350 3719 llic
1371 3646 1559 3719 salubritas
1580 3644 1698 3720 adbuc
1719 3662 1771 3719 est
1793 3649 1907 3739 airis,
1932 3652 2000 3723 etsi
2021 3652 2060 3719 in
2075 3646 2141 3719 Tu-

1161 3748 1275 3839 ringia
1291 3764 1326 3820 et
1337 3749 1447 3822 Slesia
1464 3766 1642 3841 grassatur
1655 3750 1866 3842 pestilentia.
1919 3750 2020 3823 Bene
2035 3750 2142 3823 etiae-

1161 3851 1277 3922 liciter
1292 3852 1380 3921 vale.
1434 3852 1490 3926 15.
1506 3850 1736 3945 Septembris.

1622 3980 1849 4078 †Pbilippus
1863 3982 2106 4059 Melantbon.'

1163 4164 1405 4177 Ἣ

1162 4272 1228 4346 Νο.
1242 4269 1355 4348 Ξ550.

1169 4368 1338 4399 Μ

1988 4280 2142 4403 esse

1511 4438 1617 4525 Ani.
1649 4442 1808 4528 octoni.

1230 4620 1309 4676 Edita
1327 4622 1356 4675 in
1377 4620 1426 4675 der
1445 4622 1646 4690 Fortgeseteten
1665 4618 1829 4691 Semmluug
1840 4638 1894 4675 vau
1913 4622 1988 4679 alten
2001 4626 2059 4679 aad
2069 4643 2143 4679 esna

1265 4690 1346 4744 tbeol.
1359 4690 1438 4746 Saeb.
1472 4688 1564 4761 debrg.
1580 4690 1656 4748 1728.
1675 4708 1703 4759 p.
1715 4690 1776 4743 sot.
1811 4689 2016 4763 apographon,
2035 4712 2066 4747 er
2083 4700 2144 4745 msto

1265 4757 1295 4812 in
1310 4758 1433 4814 bibliotb.
1444 4758 1546 4825 besses,
1563 4766 1642 4812 antee
1655 4756 1800 4813 llransl'eld
1815 4758 1930 4827 intem,
1946 4762 2030 4815 estin
2043 4760 2143 4817 collect.

1266 4826 1394 4883 Ballenst.
1413 4827 1476 4881 Vol.
1487 4826 1509 4882 l.
1526 4844 1553 4897 p.
1563 4827 1620 4883 167.
1655 4826 1775 4881 Eandem
1789 4825 1890 4881 editam
1904 4827 1989 4885 babes
2002 4832 2032 4885 in
2042 4828 2144 4885 latha

1268 4894 1376 4950 Brieien
1393 4914 1446 4950 aon
1461 4895 1587 4951 sesana
1607 4892 1669 4949 Vol.
1684 4893 1732 4949 111.
1750 4914 1778 4967 p.
1793 4893 1854 4951 198.

1166 5020 1395 5037 —u—-u—fl·

1198 5114 1225 5180 1)
1242 5112 1358 5167 Eberus.

1196 5198 1224 5264 2)
1245 5196 1366 5251 llenrico
1382 5195 1535 5251 brunswic.
1614 5185 1618 5191 ⁵

1197 5278 1225 5345 11)
1243 5297 1327 5347 usquc
1340 5298 1397 5333 om.
1413 5279 1460 5333 tib.
1474 5276 1521 5332 Vl.

1195 5366 1224 5437 8)
1240 5364 1302 5424 vid.
1316 5362 1435 5421 bleidan.
1450 5380 1553 5417 comm.
1566 5360 1600 5415 sd
1613 5379 1677 5416 aun.
1693 5362 1767 5419 1510.
1786 5382 1814 5435 p.
1825 5362 1886 5419 ste.
