4522 5752
556 155 1166 309 nemrontnuuistn
1195 218 1298 306 Vlll.
1350 216 1484 305 cett.
1775 254 1781 263 Δ
1858 219 1860 221 ’
1971 222 2050 302 sta

107 411 329 490 Monasteris
358 405 562 501 cirrium
601 398 872 501 proptse'sexus
890 401 1004 472 imbe-

87 531 190 592 tntem
205 516 361 587 maxime
371 508 506 582 habent
521 534 610 603 opus
625 509 683 602 pia
694 507 903 591 mutatione,
928 501 1004 575 No-

88 644 128 692 as
150 644 192 689 eo
215 618 351 710 puellas
372 614 545 696 includit,
574 625 617 682 ut
632 609 857 704 patrimoniis
873 617 1004 699 paseat.

87 733 189 793 »osset
204 719 344 790 consuli
358 715 536 787 nobilitati
552 711 620 784 hoc
634 715 762 798 modo,
783 711 815 781 si
828 710 914 782 talia
926 726 1005 777 mo·

87 825 163 896 cria
181 836 349 915 tanquam
361 814 511 890 Scholae
529 831 661 900 essent,
683 814 746 885 ubi
771 812 910 905 puellae
929 810 1006 878 sine

87 927 347 1007 edocerentur,
373 934 407 992 et
424 921 454 989 si
478 926 567 1014 quae
584 917 716 988 vellent
730 915 859 987 deinde
872 913 1007 984 nubere

87 1040 254 1107 arentur,
281 1024 387 1094 etiam
404 1022 544 1092 adiutae
569 1018 740 1089 mediocri
758 1020 851 1090 dote.
902 1013 1007 1085 Nunc

87 1144 179 1200 entur
195 1128 247 1197 ibi
263 1125 454 1217 implicitae
470 1123 581 1207 votis,
605 1146 685 1191 cum
701 1120 833 1191 multae
848 1141 923 1187 non
938 1115 1009 1186 sint

87 1256 162 1303 reae
180 1225 262 1298 huic
279 1229 370 1298 vitae
386 1225 517 1315 generi.
535 1312 539 1317 .
568 1220 756 1295 Cruciatur
776 1221 938 1290 infirmus
954 1241 1010 1285 se-

102 1348 138 1405 ct
162 1356 224 1401 sua
246 1329 507 1413 imbecillitate,
533 1340 567 1396 et
586 1323 837 1417 superstitiosis
857 1320 1010 1391 cultibus

86 1434 308 1530 pinionibus.
359 1428 431 1499 Nec
448 1429 618 1512 audiunt,
648 1451 713 1496 uec
729 1427 871 1494 discunt
885 1445 1011 1516 synce-

87 1573 90 1606 t
103 1533 291 1624 Evangelii
309 1532 521 1604 doctrinam.
572 1527 716 1598 Habent
729 1528 908 1598 auditores
923 1548 1010 1595 con-

86 1640 208 1709 ionum
231 1636 392 1704 indoctos
413 1644 474 1702 aut
495 1632 600 1701 etiam
622 1630 758 1717 malos,
788 1628 929 1719 legunt,
954 1648 1012 1694 ca-

87 1754 108 1812 ιῑ
119 1741 230 1810 latina
247 1761 335 1832 quae
355 1759 430 1804 non
445 1733 661 1823 intelligunt.

113 1866 183 1942 Est
196 1891 408 1958 magnorum
424 1865 701 1956 gubernatorum
717 1860 820 1931 adfici
836 1854 943 1929 huius
958 1881 1013 1927 se-

101 1969 370 2052 miserieordia,
415 1966 634 2038 Consulatus
666 1964 867 2056 puellarum
897 1960 1014 2045 saluti,

87 2099 171 2146 rum
193 2089 227 2145 et
248 2072 387 2140 animae
404 2081 439 2140 et
455 2090 602 2160 corpora
617 2066 882 2157 periclitantur,
906 2062 1015 2133 Libe·

87 2191 145 2248 tur
168 2174 280 2258 votis,
307 2184 342 2241 ct
362 2171 609 2262 praeficiantur
633 2169 682 2238 eis
704 2167 756 2260 pii
776 2180 810 2235 et
824 2165 1015 2256 prudentes

87 2280 308 2359 donatores,
333 2273 568 2342 emendentur
583 2269 874 2379 superstitiones..

119 2410 214 2482 Sunt
236 2421 271 2478 et
292 2404 438 2495 collegia
461 2402 648 2488 militaria,
684 2401 814 2495 quibus
845 2419 934 2490 opus
965 2408 1018 2465 est

86 2513 207 2604 ingio,
232 2523 267 2580 et
281 2509 434 2604 quadam
448 2505 645 2576 mutatione
659 2527 804 2575 suarum
819 2497 1019 2571 ordinatio-

124 2746 168 2820 ln
189 2741 412 2815 monasteriis
433 2739 677 2825 tenuioribus,
707 2749 748 2808 nt
762 2735 1019 2808 Dominicano-

87 2879 123 2937 1,
153 2847 471 2918 Franciscauorum
496 2837 906 2931 etAugustinianorum,
936 2848 1019 2906 sunt

87 2953 137 3049 [ui
159 2949 330 3028 studiosi,
365 2960 400 3018 et
416 2944 613 3014 'servientes
628 2939 808 3023 Ecclesiis.
859 2938 929 3010 Sed
952 2932 1018 3008 hos

87 3077 120 3127 >s
133 3074 236 3143 saepe
252 3048 416 3119 audimus
431 3048 615 3136 deplorare
630 3041 913 3135 superstitiones,
938 3038 1020 3134 qui-

87 3154 210 3225 tmulti
227 3153 321 3244 apud
339 3173 398 3218 eos
413 3146 575 3217 fascinati
587 3155 765 3219 tenentur.

126 3288 197 3360 Hic
218 3287 326 3359 etiam
341 3283 531 3354 iuvenibus
547 3280 685 3352 consuli
702 3290 861 3370 oportet,
886 3301 950 3371 per
963 3278 1020 3347 vi-

87 3378 245 3474 ttionem,
277 3411 368 3481 quae
390 3385 468 3454 fieri
489 3382 640 3454 debebat
662 3381 707 3451 ab
730 3378 935 3473 Episcopis,
959 3392 1021 3451 aut

87 3488 262 3568 identibus
280 3489 367 3559 viris
384 3486 418 3555 ei
434 3484 487 3557 rei
505 3483 701 3578 praelectis.

124 3623 340 3714 Corrigeudi
355 3619 460 3691 etiam
476 3630 582 3688 erunt
595 3616 634 3685 in
648 3613 877 3690 Monosteriis
891 3613 1021 3686 abusus

1152 391 1244 450 lestini
1262 391 1570 451 mutuaenutuae
1592 394 1705 463 suurn
1721 393 1755 452 P.
1769 393 1806 449 ll.
1824 413 1850 465 p·
1863 390 1924 451 sat.
1943 392 2001 466 (qui
2016 412 2048 447 er

1153 482 1247 519 errore
1265 464 1320 519 boc
1338 465 1392 521 scri
1413 473 1470 518 tum
1491 465 1524 520 ad
1541 465 1697 521 aun.tsso.
1718 465 1832 535 retulit).
1872 464 1999 534 Denique
2017 463 2046 517 in

1152 530 1219 588 Mel:
1240 532 1368 587 Consiliis
1390 484 1465 588 litio.
1480 533 1514 588 P.
1529 533 1550 587 l.
1569 548 1596 604 p.
1610 532 1670 587 482.
1695 563 1728 577 -
1765 532 1930 588 Germanice
1948 531 2048 602 legitur

1155 601 1238 655 etiam
1257 602 1285 656 in
1299 600 1398 656 Buceri
1419 600 1486 658 actis
1506 602 1608 656 listisb.
1628 603 1791 675 germanicis
1810 621 1837 674 p.
1851 599 1949 663 stabi,
1975 609 2001 654 et
2016 598 2049 654 in

1157 671 1653 740 111111ῑῄ111ώτίᾓῑὶώιιιῦὼωὴιι,
1675 693 1689 726 a
1704 671 1811 727 Petelia
1830 669 1923 737 edicte,
1941 690 1970 744 p.
1983 670 2046 726 241.

1154 771 1191 786 -
1210 738 1249 793 Ex
1268 739 1349 863 epist.
1371 741 1405 794 ad
1419 740 1528 796 Ducem
1540 740 1598 796 Sar.
1613 740 1731 795 Elector.
1744 740 1771 794 d.
1786 740 1813 795 d.
1827 742 1866 795 19.
1881 738 1941 794 iulii
1962 736 2047 793 intel&

1156 807 1265 880 ligitur,
1305 828 1339 864 oc
1350 808 1482 881 seriptum
1497 804 1604 870 Caesad
1620 808 1702 864 latine
1715 819 1741 863 et
1753 811 1906 881 germanice
1919 807 2052 863 traditum

1158 896 1226 932 esse.
1263 877 1339 949 Quid
1353 877 1415 933 Dux
1427 877 1489 933 Sar.
1502 877 1613 935 Elector
1634 879 1668 932 de
1688 879 1742 933 hoc
1761 879 1863 951 scripto
1881 877 2053 950 iudicaverit,

1159 943 1210 1018 legi
1226 955 1315 1018 potest
1328 946 1357 1001 in
1372 944 1493 1001 eiusdem
1507 964 1549 1021 ep.
1563 948 1590 1002 d.
1605 948 1632 1001 d.
1648 946 1692 1003 26.
1706 945 1779 1002 lulii.

1182 1028 1376 1087 Occasionem
1396 1028 1533 1085 scribendi
1552 1028 1663 1085 dederat
1682 1030 1848 1102 imperator,
1870 1031 1932 1102 ·qni
1952 1029 2053 1086 iudicia
2146 1013 2169 1040 ⁷

1159 1096 1305 1154 doctoratu
1324 1099 1358 1152 de
1378 1100 1546 1154 emendanda
1564 1099 1655 1153 lorme
1677 1112 1782 1154 externa
1806 1099 1942 1155 Ecclesiae
1963 1102 2053 1170 legere
2163 1148 2166 1157 .

1159 1168 1320 1291 iiiiiiidiu
1330 1166 2052 1306 ii'dpiitit,itil0i¹iititssndiitif¹iitii¹iil

1159 1305 1261 1387 dicium
1275 1305 1309 1360 de
1328 1305 1524 1387 reformatione
1539 1306 1690 1388 Ecclesiae,
1707 1315 1738 1358 ut
1756 1308 1954 1389 loquebantur,
1981 1306 2052 1387 legi·
2111 1337 2113 1341 v

1160 1383 1206 1428 tur
1220 1394 1249 1428 tn
1263 1373 1385 1430 eiusdem
1398 1373 1475 1430 Actu
1491 1372 1622 1446 colloquii
1637 1375 1739 1449 Ratisb.
1754 1373 1843 1429 latinis
1862 1394 1888 1446 p.
1903 1375 1944 1428 ⁴9.
1974 1373 2053 1429 Scu-

1159 1443 1214 1517 psit
1224 1462 1290 1497 sero
1306 1443 1427 1497 Bocerus
1445 1441 1571 1507 (fortasse
1586 1453 1647 1515 post
1661 1443 1786 1511 comitia)
1804 1444 1918 1497 alterum
1931 1452 2065 1514 praeter„

1160 1532 1191 1568 ee
1207 1510 1344 1594 iudicium
1361 1511 1395 1567 de
1415 1511 1509 1588 sedern
1527 1531 1576 1584 re,
1599 1513 1674 1584 quod
1685 1515 1831 1585 separatim
1845 1512 1950 1585 prodiit
1960 1511 1997 1567 ita
2007 1511 2053 1566 in·

1162 1600 1213 1637 son
1235 1592 1310 1635 turns

1192 1600 1631 1789 titulatarum
1638 1647 2054 1802 ‘tttzaaatcuau

1197 1786 1347 1857 „comitiis
1362 1784 1546 1909 Regensbur'pi
1561 1788 1727 1859 postulanti,
1746 1790 1871 1842 exhibite.
1908 1787 1961 1840 Per
1975 1786 2056 1839 Mar-

1194 1857 1312 1925 „tinum
1325 1855 1479 1909 Bucrrum.
1539 1856 1685 1927 rgentorati
1698 1876 1772 1911 anno
1784 1855 1948 1912 M.D.Xl.l.
1962 1872 2055 1909 mense

1198 1924 1375 1999 „Augusto”
1409 1920 1455 1991 (24
1469 1942 1548 1996 pagg.
1567 1927 1607 1992 4.)

1163 2011 1260 2068 Inueni
1273 2009 1447 2082 apographon
1459 2009 1539 2064 buius
1551 2009 1650 2067 Buceri
1663 2010 1759 2084 scripti
1777 2012 1806 2066 in
1819 2011 1949 2069 Tabular.
1961 2009 2057 2066 Vinar.

1166 2080 1284 2151 Registr.
1300 2079 1331 2132 E.
1354 2079 1403 2134 iol.
1418 2079 1462 2136 48.
1479 2076 1542 2133 Vol.
1554 2078 1601 2132 111.
1627 2099 1653 2150 p.
1670 2076 1729 2138 149.
1749 2081 1927 2152 inscriptums
1951 2080 2057 2148 „Gnosi

1163 2155 1207 2207 ter
1222 2148 1373 2216 111111τᾶ111
1387 2151 1415 2204 tn
1429 2151 1471 2204 trs
1485 2148 1640 2215 minutiora
1652 2149 1758 2215 struto
1769 2153 1842 2215 turo
1855 2153 1902 2208 beu
1915 2152 2057 2219 Quaerere

1167 2220 1248 2286 litut,
1267 2217 1391 2286 [otetuitdy
1407 2219 1482 2272 1541.
1496 2218 1658 2286 sollertium
1670 2221 1740 2288 miei.
1757 2222 1894 2290 iibcsotbsn
1910 2218 2057 2287 Dorulaus

1165 2291 1213 2345 beo
1228 2288 1268 2346 14.
1282 2285 1361 2353 lotii,
1383 2286 1582 2356 urgereturgss'
1618 2290 1653 2341 At
1666 2285 1715 2340 illo
1729 2288 1772 2342 die
1785 2287 1839 2342 hoc
1849 2287 1980 2358 scriptum
1998 2304 2057 2339 non

1166 2356 1296 2410 traditum
1317 2364 1373 2421 est,
1403 2372 1493 2427 neque
1513 2355 1622 2408 videtur
1640 2355 1755 2410 omnino
1775 2357 1884 2410 Caesari
1902 2355 2058 2417 'exhibitum

1165 2444 1240 2491 esse,
1265 2421 1312 2477 sed
1331 2423 1404 2477 aliud
1423 2424 1531 2477 brevius
1549 2442 1580 2477 ee
1600 2424 1634 2477 de
1648 2442 1679 2477 re
1700 2424 1833 2479 iudicium
1849 2423 1964 2487 llueeri,
2002 2422 2058 2476 uod
2174 2418 2177 2430 '

1167 2494 1247 2548 etiam
1266 2489 1365 2563 legitur
1379 2493 1406 2544 in
1420 2492 1478 2546 eius
1493 2491 1569 2546 Actis
1583 2492 1695 2563 colloq.
1711 2492 1813 2547 Ratisb.
1831 2491 1920 2546 latinis
1932 2511 1960 2564 p.
1974 2496 1991 2545 4
2008 2529 2017 2547 .
2031 2499 2058 2544 et

1164 2561 1320 2685 grunnire
1332 2560 1361 2613 in
1375 2560 1460 2615 einsd.
1476 2559 1543 2616 actis
1555 2562 1717 2632 germanicis
1735 2580 1761 2633 p.
1776 2562 1825 2643 198
1833 2561 1859 2616 b.
1866 2576 1882 2628 ,¹
1899 2561 1971 2615 uude
1989 2557 2059 2643 ittet

1200 2636 1311 2685 userunt
1324 2628 1516 2691 llortlederus,
1533 2629 1567 2683 ‹le
1586 2629 1660 2684 bello
1673 2648 1848 2702 germanico,
1867 2639 1893 2684 et
1909 2628 2060 2684 Walehtur

1143 2744 1148 2753 ,
1165 2698 1195 2752 iu
1210 2717 1273 2771 opp.
1288 2696 1370 2755 Loth.
1385 2696 1421 2753 T.
1432 2697 1522 2752 xvss.
1534 2699 1636 2782 millii.
1656 2727 1691 2741 -
1719 2699 1877 2770 Utrumque
1890 2709 1979 2752 autem
1990 2696 2059 2752 scri·

1170 2777 1248 2841 ptum
1267 2768 1375 2820 Bucerr'
1387 2769 1432 2820 Isis
1451 2767 1689 2848 praetermisimus.
1732 2766 1909 2822 Non'solum
1933 2766 2008 2820 enim
2027 2765 2061 2818 de

1098 2845 1101 2851 '
1170 2834 1341 2892 emendanda
1354 2835 1492 2891 Ecclesiae
1511 2833 1601 2889 forma
1620 2845 1756 2908 praeterea
1776 2836 1955 2902 nihilsetom
1977 2843 2018 2889 est
2030 2833 2060 2887 in

1169 2903 1289 2962 comitiis
1305 2902 1421 2972 uesieu,
1445 2906 1491 2957 sed
1512 2903 1594 2957 etiam
1612 2905 1679 2961 haec
1696 2909 1752 2959 dno
1765 2905 1864 2962 Buceri
1882 2904 1980 2977 scripta
1993 2899 2060 2957 nihil

1167 2991 1281 3047 prorsus
1298 2972 1401 3053 iaciunt
1413 2971 1446 3026 ed
1465 2971 1605 3055 historiam
1620 2972 1753 3057 colloquii
1764 2984 1792 3058 et
1805 2973 1981 3031 comitiorum
1994 2974 2061 3055 illu·

1165 3042 1316 3167 {iiiiii}
1329 3041 2060 3183 „itlttttt{tltlt,tilttttttt‘i‘ttsittt:

1171 3199 1219 3247 ee,
1237 3178 1372 3250 posterius
1389 3177 1470 3232 unice
1488 3191 1608 3232 versatur
1619 3182 1648 3233 in
1663 3198 1713 3250 eo,
1732 3192 1761 3234 ut
1776 3181 1887 3248 doceat,
1904 3197 1960 3248 qno
1974 3177 2059 3232 modo

1169 3247 1287 3304 ministri
1308 3246 1384 3304 verbi
1406 3245 1490 3299 divini
1509 3246 1643 3318 eligendi,
1671 3249 1856 3311 examinandi,
1879 3257 1921 3315 et,
1945 3248 1966 3302 ei
1994 3243 2062 3329 lapsi
2171 3266 2177 3277 ¹

1169 3318 1289 3384 suerint,
1313 3314 1444 3386 puniendi
1464 3316 1534 3380 sint,
1558 3325 1585 3370 et
1602 3315 1721 3386 denique
1742 3317 1822 3390 quale
1843 3312 2001 3391 disciplinae
2019 3331 2061 3369 sus

1167 3385 1201 3442 iis
1211 3383 1420 3442 mandentum
1434 3383 1480 3440 sit·

1168 3523 1231 3600 De
1246 3522 1425 3598 abusibus
1439 3520 1695 3599 Ecclesiarum
1712 3518 1963 3606 emendandis.

1339 3637 1447 3695 Antore
1465 3638 1589 3708 Heilsirpo
1601 3641 1789 3700 MeIontltone.

87 3751 241 3848 ‘wilm’
284 3746 373 3842 ‘Nae
401 3721 454 3791 ibi
477 3718 588 3808 ”³³3ss
612 3717 878 3836 ⁹⁰¹¹dq⁶⁰¹lil¹¹3
915 3740 1021 3811 quam
1070 3730 1107 3825 Ι.
1125 3748 1341 3845 Cumprima
1358 3761 1392 3819 et
1410 3749 1598 3843 praecipua
1616 3778 1699 3824 cura
1715 3779 1788 3826 esse
1804 3756 1930 3827 debeat
1945 3749 2064 3826 inEc-

87 3835 125 3906 td
139 3833 228 3902 allos
242 3824 466 3898 ⁵³⁰1¹fi⁰¹¹¹0⁸⁴
516 3817 566 3890 El
584 3831 669 3889 ⁸⁰⁰¹
684 3819 753 3938 ³¹¹?
767 3832 873 3904 ω’
899 3840 1024 3936 wifel·
1071 3855 1175 3926 clesia
1190 3848 1344 3938 Christi,
1369 3864 1411 3922 ut
1424 3848 1658 3941 Evangelium
1675 3872 1789 3943 recte,
1814 3881 1902 3948 pure
1925 3871 1959 3929 et
1980 3881 2062 3950 per-

87 3935 158 4007 iosi
172 3932 287 4002 cultus
303 3940 525 4008 sanctorum,
547 3921 789 4012 indulgenuae
818 3934 852 3992 et
874 3935 1023 3991 servitus
1071 3958 1191 4050 spicue
1207 3956 1392 4038 doceatur,
1417 3957 1599 4044 prodesset
1621 3958 1776 4051 ,liquam
1800 3983 1975 4030 summam
1997 3961 2064 4028 do,

87 4034 233 4110 erisaiffi
248 4032 288 4100 5¹¹
303 4048 513 4099 celeffl⁰¹¹¹¹⁸
528 4036 643 4095 cerus·
1072 4059 1205 4129 ctriuae
1218 4053 1425 4146 Evangelii,
1449 4068 1617 4149 tanquam
1634 4056 1914 4145 Catechismum,
1936 4061 1994 4131 edi
2017 4062 2062 4130 de

128 4168 286 4245 Oramus
303 4176 419 4233 autem
437 4157 565 4237 Deum,
590 4152 732 4224 Patrem
746 4150 896 4225 Domini
911 4153 1023 4226 nostri
1070 4158 1165 4248 Deo,
1190 4160 1234 4228 de
1250 4157 1363 4226 tribus
1387 4159 1548 4246 personis
1569 4160 1783 4246 divinitatis,
1810 4165 1854 4232 de
1876 4162 2065 4249 creatione,

87 4265 280 4349 uChristi,
306 4260 490 4332 salvatoris
503 4255 634 4342 nostri,
658 4268 699 4326 ut
714 4251 909 4325 Ecclesiam
924 4279 1023 4326 suam
1071 4263 1115 4331 dc
1134 4273 1275 4352 peccato
1297 4256 1463 4348 originis,
1488 4261 1532 4328 de
1547 4256 1707 4347 Christo,
1740 4264 1893 4358 denique
1918 4264 1962 4334 de
1985 4288 2078 4335 cae·-

87 4386 157 4445 eret
172 4371 216 4441 ab
233 4365 333 4436 omni
350 4385 487 4441 errore,
512 4370 682 4443 01881161,
706 4370 831 4447 augent
853 4371 887 4429 et
908 4371 1025 4430 servet
1071 4362 1155 4434 teris
1169 4361 1326 4431 articulis
1343 4359 1516 4454 Symboli.
1568 4359 1611 4430 ln
1635 4358 1700 4434 hac
1722 4390 1858 4436 summa
1883 4368 2064 4458 prodesset

87 4485 177 4567 apter
201 4469 334 4541 Filium
357 4488 460 4534 suum
491 4456 688 4530 Dominum
717 4471 880 4529 nostrum
907 4457 1022 4530 lesum
1071 4461 1258 4554 complecti
1280 4460 1456 4532 articulos
1469 4460 1684 4539 conciliatos.
1748 4467 1801 4537 Ita
1824 4481 1859 4537 et
1880 4468 1984 4537 multi
2005 4466 2063 4560 pie

88 4579 232 4659 cistam,
257 4568 319 4665 qui
333 4591 398 4659 pro
413 4562 518 4635 nobis
533 4561 676 4631 victima
690 4562 802 4631 factus
816 4574 880 4637 est.
1071 4566 1316 4650 erudirentur,
1342 4575 1377 4634 et
1393 4562 1563 4654 paulatim
1579 4561 1756 4638 Ecclesiae
1771 4570 1907 4644 coirent
1923 4571 1960 4640 in
1976 4595 2064 4641 con-

1071 4668 1240 4741 cordiam.

87 4770 1023 4804 ..-------—-—---—--·--
1145 4766 1193 4843 ll.
1219 4760 1489 4857 Prohibendum
1508 4779 1571 4848 est,
1590 4791 1635 4838 ne
1653 4771 1861 4846 omittantur
1875 4768 2064 4847 conciones

130 4919 233 4998 2317
819 4914 894 4997 (eod
912 4913 1023 4996 temp.)
1071 4870 1271 4942 ordinariae
1293 4868 1450 4938 infestis
1476 4869 1621 4958 diebus,
1647 4886 1680 4944 et
1701 4879 1896 4946 curandum
1919 4901 1984 4970 per
2004 4898 2064 4946 eos

87 4952 250 5055 ’ν’νν.
841 4964 1014 5036 ν’νν
1070 4971 1134 5068 qui
1158 4983 1344 5065 praesunt,
1375 4982 1417 5040 ut
1439 4983 1595 5064 pastores
1620 4974 1698 5066 pia,
1723 4988 1758 5046 et
1780 4977 1882 5051 utilia
1907 4978 2064 5048 adsedi.

87 5102 337 5190 Melonthon
355 5097 410 5182 de
421 5090 732 5204 reformatione
746 5091 981 5178 Ecclesiae.
1069 5073 1288 5159 ⁶0³¹³⁰¹¹⁰¹¹¹2
1311 5085 1347 5143 ²¹
1360 5086 1438 5165 ‘¹1³ta
1458 5075 1677 5166 temporibus
1691 5078 1821 5174 dicant.
1870 5075 1919 5150 Et
1937 5079 1976 5150 ¹¹¹
1993 5081 2063 5151 fine

140 5169 151 5188 .
972 5246 982 5255 .
1069 5175 1282 5249 concionum
1297 5175 1430 5245 addant
1444 5169 1727 5248 adhortationem
1741 5170 1787 5250 ad
1797 5182 2064 5273 poeniteutiam,

101 5283 215 5367 Elim
236 5280 266 5366 ⁵?
283 5279 352 5364 lid·
371 5280 438 5335 “¹³⁸
456 5276 564 5361 ⁰⁰.¹¹⁰¹1·
583 5274 704 5359 worm.
725 5280 751 5327 ⁸¹
768 5270 874 5328 ΜΒ·
895 5271 950 5329 ¹¹⁵²·
964 5271 1022 5355 ‚Mn
1069 5302 1149 5350 eum
1164 5277 1307 5371 publica
1322 5277 1557 5358 absolutione,
1583 5292 1617 5349 et
1632 5282 1873 5372 precationum
1887 5308 2064 5380 proprae-

133 5365 232 5405 uerum
246 5369 274 5404 ur
289 5350 409 5403 eiusdem
423 5347 553 5419 operibus
565 5343 682 5399 theb.
692 5341 750 5398 'nl
844 5341 907 5399 681.
930 5340 1020 5396 Ettasn

130 5421 163 5475 sn
175 5418 364 5476 antestans
376 5416 487 5490 colloq.
499 5416 603 5489 astro.
617 5410 707 5484 uene
719 5339 844 5489 aiiii,
859 5421 886 5468 u
899 5410 930 5468 s·
941 5409 1021 5493 coe-
1067 5380 1227 5456 erubet
1241 5377 1508 5452 necessitatibus
1524 5381 1685 5474 quolibet
1701 5396 1871 5476 tempore.
