4522 5752
108 270 187 351 aar
289 300 293 307 =
662 234 1107 344 -urisrtiuanu'n
1158 226 1267 357 ma.
1294 222 1396 340 ιιιι.
1451 262 1584 343 1541.
2064 226 2193 339 ‘reik

104 435 532 539 'fortiter'adlia'e'r'eioant,
555 434 596 510 iu
612 460 682 537 qua
701 462 791 535 opus
814 434 899 526 erit,
923 452 965 510 ut
987 436 1105 513 brevis
1155 436 1374 537 vocationes,
1417 461 1522 511 curae
1557 439 1624 510 erit
1659 432 1836 508 Ecclesiae
1877 418 2067 529 ministris,
2107 454 2146 509 ut

101 542 410 640 ¹aliquaformula,
425 542 709 639 quaedo'ctrinae
724 560 898 614 summam
916 541 1105 637 contiueat,
1154 546 1276 609 omu'es
1293 553 1328 609 ct
1347 539 1480 631 singuli
1503 564 1603 611 suam
1624 542 1732 610 vitam
1753 553 1786 609 et
1808 561 1924 607 mores
1946 540 1990 608 ad
2014 540 2144 608 doctri-

104 646 254 740 ·publiea
274 645 627 730 autoritate-edatur,
651 647 825 739 adquam
847 642 979 739 ubique
994 640 1106 713 Paro·
1154 665 1235 711 nam
1252 636 1504 732 Evangelicam
1519 644 1760 726 conforment,
1784 641 1821 710 id
1844 635 1949 732 est⁹)‚
1977 654 2017 713 ut
2042 666 2144 717 voca-

106 744 171 820 'chi
187 769 268 817 suas
284 747 474 817 conciones
486 745 637 837 exigant.
1153 743 1244 813 tioni
1260 767 1342 814 suae
1356 745 1512 816 serviant
1522 758 1556 817 et
1573 742 1824 838 tranquillitati
1834 745 1996 814 studeant
2008 756 2042 811 et
2057 746 2143 835 paci.
2219 834 2222 839 ἢ

211 877 479 950 Providendum
493 893 545 950 est
560 901 713 972 quoque,
734 888 775 948 ut
792 874 831 945 in
842 871 1000 948 Ecclesia
1013 869 1106 945 nihil
1252 873 1392 946 Deinde
1407 900 1491 948 usus
1499 874 1663 948 Cluvium
1671 870 1728 973 ¹⁰),
1742 877 1804 969 qui
1814 874 2072 947 Iurisdictionis
2089 877 2143 943 di-

105 992 227 1077 ·neque
245 982 287 1050 iu
307 979 492 1073 precibus,
516 1003 631 1072 neque
656 979 694 1048 iu
711 974 883 1075 Hymuis,
908 968 1107 1071 nequeLe'-
1154 975 1265 1065 citur,
1296 978 1335 1048 in
1350 968 1563 1065 Ecclesiam,
1584 980 1701 1072 quoad
1719 979 1794 1048 lieri
1809 992 1940 1069 potest,
1975 1002 2142 1047 revocan-

108 1082 308 1168 ctiouibus,
330 1106 439 1177 quam
453 1084 550 1176 quod
565 1104 607 1151 ex
622 1080 806 1173 scripturis
822 1093 857 1152 et
872 1080 1020 1172 receptis
1043 1103 1106 1150 au·
1154 1080 1220 1149 dus
1242 1093 1312 1166 est,
1344 1094 1379 1150 et
1403 1105 1548 1151 censura
1566 1077 1810 1151 Ecclesiastica
1834 1081 2029 1150 secundum
2044 1077 2144 1169 Apo-

111 1185 251 1257 toribus
278 1184 504 1276 depromtum
536 1196 607 1269 est,
644 1178 862 1277 recitetur⁷).
926 1179 1034 1267 Item,
1066 1195 1108 1252 ut
1155 1180 1315 1252 stolicam
1332 1195 1367 1252 et
1382 1196 1540 1254 veterum
1552 1180 1739 1253 Canonum
1757 1205 1940 1253 censuram
1954 1181 2144 1251 restituen·
2204 1208 2245 1277 s

110 1285 248 1355 externi
261 1286 369 1371 ritus,
394 1285 457 1378 qui
473 1286 517 1354 ad
531 1284 715 1377 pietatem,
740 1277 978 1369 honestatem,
1006 1283 1106 1353 ordi·
1153 1286 1217 1364 da,
1243 1297 1301 1369 ut,
1326 1284 1389 1377 qui
1404 1285 1546 1375 publice
1562 1285 1744 1354 criminosi
1761 1297 1845 1353 sunt
1867 1298 1901 1355 et
1927 1283 2060 1373 impuri
2083 1306 2143 1351 seu

111 1410 196 1456 nem
217 1400 253 1458 et
275 1384 568 1480 tranquillitatem
590 1382 768 1457 Ecclesiae
794 1387 947 1472 faciunt,
983 1385 1105 1456 obser·
1152 1384 1365 1468 refractarii‚
1392 1397 1426 1455 et
1447 1386 1678 1471 contentiosi,
1704 1400 1739 1455 et
1761 1387 1821 1479 qui
1841 1381 2018 1455 Ecclesiae
2042 1409 2142 1454 scan-

110 1502 255 1563 ventur.
1153 1488 1234 1556 dalo
1249 1501 1343 1573 sunt,
1365 1512 1384 1556 a
1401 1489 1652 1558 commuuione
1666 1501 1700 1569 et
1716 1488 1835 1572 sacris,
1861 1488 1973 1556 donec
1986 1486 2141 1578 resipue-

109 1675 114 1683 .
214 1618 304 1692 Item
323 1643 404 1691 cum
425 1619 610 1691 diversitas
630 1618 800 1690 ordinum
822 1617 1105 1692 Monosticorum
1153 1586 1787 1682 '5¹¹²’³1⁰⁰³¹¹l¹¹sell³r⁰hib⁶³¹¹fflh

109 1738 151 1797 ,et
165 1722 327 1815 plerique
339 1722 482 1808 abusus,
500 1721 564 1816 qui
578 1722 618 1791 iu
632 1719 862 1793 Monasteriis
876 1722 1107 1794 committun-
1252 1717 1478 1793 Poeuiteutia
1508 1748 1649 1817 quoque
1677 1722 1836 1815 publica,
1871 1738 2045 1814 quantum
2067 1721 2142 1789 fieri

112 1840 188 1910 tur,
209 1822 335 1895 multis
348 1823 515 1895 scandalo
531 1822 614 1904 sint,
639 1822 918 1895 necMonastice
934 1848 1014 1893 eum
1029 1825 1107 1893 sru-
1153 1835 1280 1913 potest,
1304 1824 1344 1891 in
1360 1846 1463 1894 usum
1480 1826 1689 1910 revocanda,
1714 1837 1842 1893 utnon
1860 1816 2144 1896 nisilactaExu·

112 1940 210 1997 ctum
241 1925 417 2019 praesenti
447 1921 627 1995 Ecclesiae
659 1925 815 2010 a'dlerat,
857 1949 962 2019 quem
988 1924 1107 1996 attulit
1152 1919 1366 2021 mologesi¹¹)
1384 1924 1419 1995 et
1434 1927 1578 1997 obtenta
1593 1926 1899 2012 reconciliatione,
1925 1927 1988 2020 qui
2003 1925 2144 2016 publice

113 2027 220 2112 olim,
243 2026 490 2096 reformationi
505 2049 647 2119 quoque
668 2025 744 2097 eius
760 2026 1021 2117 invigilandum
1043 2039 1107 2112 est,
1153 2027 1399 2121 deliquerunt,
1423 2028 1462 2096 in
1486 2024 1681 2103 Ecclesiam
1708 2028 1942 2119 recipiantur,
1968 2028 2075 2118 idque
2100 2028 2143 2093 ad

112 2143 154 2200 ut
166 2123 314 2221 posthac
328 2126 400 2197 siut
413 2123 587 2198 Monachi
606 2129 701 2218 apud
715 2152 804 2221 quos
824 2128 985 2198 doctrina
999 2123 1107 2198 Chri·
1153 2150 1230 2197 eam
1254 2129 1534 2207 moderationem
1558 2154 1665 2224 quam
1686 2131 1883 2223 praesentia
1909 2143 2067 2223 tempora
2093 2129 2142 2196 le-

110 2229 228 2303 stiaua
241 2230 374 2319 vigeat,
398 2229 460 2322 qui
474 2228 614 2319 linguas
627 2241 660 2299 et
682 2229 796 2300 bonos
805 2225 836 2324 ⁸)
858 2243 999 2301 autores
1019 2252 1107 2300 con·
1153 2225 1301 2326 runt¹²).

112 2342 273 2419 servent,
303 2331 497 2422 scripturas
514 2344 737 2416 scrutentur,
769 2346 805 2403 et
825 2332 1000 2424 explicent
1019 2354 1106 2402 con-

112 2432 296 2517 cionibus,
320 2445 355 2503 et
373 2455 411 2502 se
426 2448 461 2505 et
482 2433 655 2524 populum
678 2432 882 2521 instituant,
904 2433 955 2503 sic
976 2448 1106 2519 tamen,

114 2558 161 2604 ue
174 2527 347 2605 Parochis
362 2533 401 2604 in
425 2534 542 2605 officio
565 2533 826 2626 praeiudicant,
850 2560 892 2606 ac
913 2558 955 2605 ea
975 2534 1106 2607 iaciant

113 2659 205 2731 quae
220 2659 278 2707 eos
292 2635 432 2730 antiqui
438 2633 603 2707 Cauones
616 2638 730 2706 lacere
740 2636 867 2708 debere
882 2647 1106 2711 censuerunt.

1253 2361 1436 2433 Postremo
1470 2365 1514 2434 de
1539 2361 1706 2448 Ieiuniis,
1738 2364 1782 2433 de
1808 2366 1945 2434 delectu
1972 2364 2164 2449 ciborum,

1152 2460 1265 2535 Feriis
1287 2479 1322 2536 et
1352 2464 1528 2535 similibus
1557 2465 1801 2557 corporalibus
1830 2461 2021 2550 exercitiis,
2054 2486 2143 2556 quae

1152 2567 1282 2657 partim
1303 2567 1552 2637 ceremonialia
1568 2582 1668 2651 suut,
1694 2569 1823 2658 partim
1840 2566 2064 2660 discipliuae,
2090 2566 2144 2633 la·

1153 2668 1220 2741 cile
1235 2666 1457 2754 convenerit,
1481 2669 1512 2737 si
1526 2668 1611 2738 viris
1623 2669 1761 2760 aliquot
1775 2669 1844 2761 piis
1860 2669 1955 2739 iuxta
1972 2692 2012 2739 ac
2033 2666 2145 2736 doctis

216 2765 268 2839 Ut
282 2781 398 2837 autem
412 2769 499 2838 tales
514 2768 551 2837 iu
568 2765 727 2839 Ecclesia
747 2768 918 2854 ministri,
944 2793 985 2841 ac
1001 2769 1106 2839 ctiam
1154 2763 1222 2841 hoc
1239 2771 1372 2860 negotii
1389 2769 1586 2858 delegetur,
1611 2782 1650 2841 nt
1667 2765 1887 2840 haecomnia
1907 2773 1953 2839 od
1967 2792 2046 2840 eam
2067 2793 2144 2834 mo-

113 2867 330 2939 Monastices
343 2872 556 2962 professores
571 2866 695 2941 haberi
711 2883 860 2963 queant,
886 2869 1106 2941 constitum-
1153 2872 1374 2949 derationem
1397 2872 1590 2956 reducant,
1614 2867 1733 2967 quo¹³)
1756 2873 1848 2942 nulli
1873 2873 2038 2966 laqueum
2060 2869 2144 2936 inii-

111 2973 182 3042 dae
205 2984 290 3040 suut
309 2972 405 3062 apud
418 2967 647 3042 Cathedrales
667 2985 702 3044 et
716 2972 916 3063 collegiatus
930 2968 1106 3043 Ecclesias
1153 2973 1248 3046 ciant
1269 2998 1331 3044 seu
1347 2972 1450 3042 oneri
1466 2972 1555 3058 siut,
1581 2973 1643 3043 sed
1658 2975 1703 3042 ad
1725 2974 1953 3044 exercendam
1979 2971 2143 3063 pietatem

112 3086 150 3144 et
182 3071 223 3141 iu
251 3067 481 3142 Monasteriis
506 3067 673 3162 Scholae,
703 3074 835 3169 quibus
858 3072 1106 3167 praeficientur
1152 3088 1187 3146 et
1203 3099 1309 3167 opera
1322 3097 1406 3145 vere
1423 3073 1520 3145 bona
1540 3073 1602 3170 (de
1618 3073 1957 3168 quibusDecalogus
1974 3087 2008 3146 et
2021 3069 2144 3144 Evan-

111 3173 185 3245 viri
198 3186 276 3244 tum
290 3173 385 3244 docti
400 3188 476 3245 tum
492 3173 554 3266 pii.
1151 3176 1282 3268 gelium
1295 3173 1484 3270 praecipit)
1496 3199 1564 3247 nos
1577 3178 1730 3250 reddant
1742 3178 1941 3254 alacriores.

204 3302 254 3377 Et
267 3306 438 3401 quoniam
451 3304 632 3400 operarius
646 3306 775 3398 diguus
790 3320 842 3380 est
855 3308 1015 3381 mercede
1031 3330 1104 3394 sua,

111 3404 607 3495 etministrisEcclesiarum‚
632 3420 667 3478 et
681 3408 939 3503 professoribus
955 3405 1103 3482 honesta
1252 3471 1262 3485 .
1641 3460 1647 3473 ι

110 3509 291 3603 stipendia
307 3532 370 3581 seu
385 3508 514 3581 solaria
530 3511 745 3582 conferenda
760 3523 863 3600 suut,
895 3535 942 3583 ne
963 3525 1103 3604 egentes
1160 3501 1228 3583 No
1238 3502 1357 3580 2208.
1470 3594 1473 3599 ι
1982 3517 2040 3581 80·
2054 3506 2130 3590 Alf·

112 3613 233 3719 insuo
247 3634 394 3682 munere
409 3626 599 3705 tepescant.
1155 3600 1368 3639 m
1967 3600 2139 3631 w

215 3741 401 3815 Postremo
422 3758 464 3815 ut
491 3739 578 3815 baec
602 3746 721 3816 omnia
742 3746 782 3815 in
807 3758 978 3839 perpetuo
998 3769 1103 3819 cursu
1467 3672 1600 3766 Μαή·
1630 3669 1834 3756 Luam·

112 3844 352 3932 retineantur,
372 3841 555 3917 habendae
570 3859 653 3918 suut
665 3848 738 3918 suis
749 3849 968 3941 temporibus
984 3845 1105 3920 Gene-
1216 3832 1442 3957 &nfflg‘l'l‘l
1460 3835 1576 3960 iffi?
1594 3831 2006 3959 2⁸5⁰ssfilfiffidffjjll⁸¹efpss¹a¹3
2017 3834 2072 3958 ¹3}
2080 3836 2147 3957 ἔῃ·

1367 3940 1375 3956 .
1393 3936 1430 3947 -
1564 3942 1574 3972 ,
1880 3939 1889 3976 ,
2065 3923 2145 3958 cero

112 3947 218 4032 rales,
241 3945 458 4034 Nationalen
483 3946 742 4031 Provinciales,
766 3944 1006 4043 Episcopales,
1033 3947 1105 4022 Ar·
1252 3938 1351 4024 inber
1368 3971 1515 4030 tricinum
1528 3970 1690 4030 Geschichte
1707 3971 1757 4027 der
1770 3973 1874 4044 Aegl.
1888 3970 2012 4028 conten
2032 3970 2095 4028 vot
2109 3973 2143 4026 n.

113 4043 386 4134 chidiaconales,
407 4064 442 4120 et
457 4049 546 4118 aliae
561 4049 710 4144 Synodi,
728 4051 767 4120 iu
783 4051 914 4145 quibus
928 4052 971 4122 de
986 4051 1106 4123 omui·
1255 4056 1282 4110 Ρ·
1294 4036 1346 4095 ⁸²⁵
1356 4060 1398 4114 “1·

112 4150 275 4269 busistis
291 4151 442 4240 diligens
460 4152 644 4245 inquisitio
662 4153 750 4226 fiat·
785 4150 894 4238 ltem,
918 4155 1106 4243 utgrada·
1153 4181 1417 4294 clarissimos)
1433 4206 1502 4269 αθ
1527 4195 1710 4269 amomo
1744 4194 1798 4274 D·
1813 4192 2031 4271 Mamm,
2046 4193 2145 4273 Lu·-

71 4320 76 4328 ,
112 4265 179 4323 tim
200 4252 417 4342 appelletur,
449 4264 486 4322 et
507 4254 702 4324 secuudum
723 4267 857 4325 veteres
876 4251 1042 4325 Cauoues
1060 4254 1106 4325 de
1710 4255 1721 4287 ¹

198 4350 276 4425 ,Ε
316 4353 330 4422 l
369 4354 378 4370 .
435 4353 477 4373 ..
551 4354 586 4424 d.
720 4355 730 4372 .
890 4360 894 4367 .
1152 4290 1302 4384 thero,
1328 4290 1468 4372 doctori
1519 4294 1730 4399 heologiae,
1755 4295 2146 4400 Instauraloripuroe

111 4376 228 4426 ‘³⁰⁸³
278 4377 315 4422 ⁸⁰
330 4367 497 4426 ⁸⁸¹³⁸¹¹⁰¹⁸
509 4378 551 4458 οῗ
577 4378 635 4424 ¹¹¹²
651 4369 688 4428 et
700 4368 768 4427 ΓΜ
780 4369 1022 4447 mmmm*
1214 4392 1402 4472 doctrinae
1418 4398 1643 4498 Evangelii,
1668 4427 1736 4474 suo
1752 4399 1881 4479 caries.
1895 4402 2002 4502 palti
2011 4398 2085 4501 ”),

545 4553 684 4630 xxm,
1107 4574 1113 4581 ·
1152 4513 1198 4605 S.
1220 4533 1267 4612 D.
1317 4537 1480 4611 Tandem
1496 4564 1555 4610 sex
1570 4540 1697 4612 delecti
1716 4553 1819 4627 sunt,
1851 4555 1892 4613 ut
1916 4543 1961 4614 de
1984 4543 2146 4614 doctrina

405 4683 462 4750 D,
474 4683 660 4769 &cipum
671 4687 809 4769 mnu·
1153 4638 1402 4733 colloquantur
1410 4638 1454 4735 ¹):
1487 4637 1635 4724 Iulius,
1659 4637 1814 4732 Eccius,
1840 4637 2052 4743 Gropperos
2073 4641 2145 4717 co-

1152 4778 1362 4798 m

216 4800 308 4877 Cum
330 4800 372 4873 in'
389 4817 507 4874 sancta
525 4806 629 4897 plebe
643 4805 716 4877 sint
728 4829 847 4890 senes,
873 4831 981 4898 auus,
1005 4808 1106 4881 iuve-
1186 4847 1214 4916 9)
1235 4850 1265 4901 ,g
1280 4859 1337 4924 m,
1354 4848 1723 4912 oculatoriae-muel.
1763 4890 1768 4897 ι

113 4928 198 4991 nes,
231 4907 391 4998 puellae,
424 4906 561 4992 mariti,
594 4931 738 4994 uxores,
771 4924 952 5007 parentes,
982 4910 1106 4999 liberi,
1187 4935 1438 5003 10)M21‚,10„,·„

111 5007 274 5094 domiui,
299 5006 404 5087 servi,
427 5005 500 5078 siut
512 5007 597 5079 item
614 5008 754 5083 diversa
769 5010 915 5084 vivendi
929 5030 1057 5104 genera
1071 5027 1106 5085 et
1187 5019 1233 5086 1¹)
1250 5018 1320 5075 1³⁰⁶·
1333 5013 1438 5077 es'Eet.
1449 5004 1655 5099 superaptari

1146 5126 1149 5131 ·
1187 5102 1231 5174 12)
1251 5104 1320 5161 Bne.
1331 5115 1359 5159 et
1370 5104 1556 5179 Eclnscmm.

1145 5236 1148 5241 .
1187 5188 1232 5257 18)
1250 5187 1317 5242 Mel.
1330 5208 1412 5258 quoe.

1185 5270 1215 5341 *l
1233 5271 1326 5328 ch.
1338 5275 1532 5330 Amr'et‘ssr'mo.

146 5350 264 5425 miei.
276 5353 438 5423 ren'piotur.
1185 5356 1234 5429 ²⁸⁰3)
1255 5356 1347 5415 Web.
1359 5375 1417 5413 om.
1431 5375 1484 5413 auo
1498 5363 1597 5420 sarton
1608 5367 1697 5433 patri.
1723 5417 1726 5420 ,

147 5434 556 5511 θῡοωωάἀίιιριιᾶΜιΙ.
1185 5446 1214 5520 1)
1233 5440 1539 5518 weomttoquaw.
