4522 5752
124 200 273 295 ee

509 389 573 463 De
586 387 743 465 secundo
759 390 929 465 articulo.

277 524 279 529 ’
324 525 409 599 Non
425 527 766 598 existimabamus-eo
791 541 950 619 tempore
971 551 1053 598 cum
1071 522 1217 598 exhibe-

226 644 326 702 retur
339 626 541 710 Confessio,
566 630 723 700 futuram
736 625 1000 702 altercationem
1015 632 1059 700 de
1075 623 1144 699 hoc
1157 653 1216 699 ar-

226 732 336 803 ticulo
361 756 442 802 cum
461 727 519 802 his
533 731 764 802 adversariiss
798 733 859 801 sed
876 731 1030 802 aliorum
1045 731 1216 809 clamores

227 833 441 905 retundendi
460 844 578 918 erant,
609 834 673 927 qui
685 856 833 924 prorsus
846 833 1018 903 tollebant
1034 845 1215 923 peccatum

228 935 395 1025 originis,
422 948 463 1005 ut
478 958 616 1025 semper
629 937 794 1014 fuerunt,
827 935 890 1028 qui
912 936 956 1004 de
976 947 1117 1028 peccato
1140 935 1215 1005 ori-

226 1037 320 1127 ginis
340 1037 563 1107 incommode
584 1049 786 1120 senserunt,
811 1050 995 1128 pmpterea
1018 1038 1114 1130 quod
1139 1061 1215 1107 ma-

228 1140 376 1227 gnitudo
391 1138 606 1209 infirmitatis
621 1132 797 1209 humanae
812 1162 886 1207 non
901 1138 986 1208 satis
1007 1137 1140 1208 iudicio
1155 1161 1215 1207 ra·

227 1241 335 1310 tionis
351 1240 507 1332 conspici
522 1251 649 1331 potest.
689 1236 849 1333 Eamque
864 1241 913 1309 ob
925 1263 1066 1309 causam
1081 1233 1141 1310 bic
1156 1263 1215 1308 ar·

227 1341 374 1426 ticulus,
400 1342 493 1412 etde
510 1341 586 1432 ipso
600 1354 758 1433 peccato,
785 1355 819 1412 ct
834 1343 878 1411 de
893 1341 1140 1432 magnitudine
1155 1340 1215 1410 in-

176 1498 181 1509 ,
226 1442 404 1514 firmitatis
419 1455 558 1513 tantum
575 1442 612 1510 in
628 1444 735 1512 verbo
749 1440 817 1513 Dei
832 1443 1021 1518 revelatur.

327 1578 437 1652 Recte
449 1594 565 1652 autem
582 1582 671 1651 dixit
683 1578 875 1651 DsDoctor
888 1584 932 1651 de
947 1582 1213 1653 definitionibus

184 1734 186 1739 -
224 1681 364 1751 facilius
387 1681 568 1752 conveniri
590 1706 700 1776 posse.
758 1680 849 1752 Nam
871 1694 906 1753 et
932 1706 999 1753 nos
1023 1684 1214 1774 recipimus

152 1812 155 1817 ·
224 1795 378 1852 veterem
393 1783 635 1856 definitionem
649 1798 843 1876 utramque.
878 1781 921 1853 ln
938 1809 1087 1878 quarum
1104 1787 1212 1855 altera

108 1914 111 1923 ·
224 1897 406 1973 peccatum
435 1886 583 1975 originis
615 1885 753 1957 dicitur.
775 1909 849 1954 esse
876 1887 1031 1956 carentia
1059 1887 1214 1959 iustitiae

183 2040 189 2064 ,
225 1985 408 2074 originalis
431 1987 570 2057 debitae
591 1987 714 2056 inesse.
764 1983 808 2056 ln
832 1988 940 2057 altera
959 2001 1105 2059 vocatur
1128 2013 1214 2059 con-

224 2087 455 2178 cupiscentia3
495 2112 561 2170 nec
584 2088 752 2157 dissidere
781 2083 846 2156 has
870 2090 1110 2176 definitiones,
1149 2114 1214 2162 nec

225 2189 423 2279 discrepare
439 2212 494 2259 eas
512 2213 531 2258 a
546 2202 667 2260 nostra
682 2191 854 2260 sententia
869 2190 1078 2262 iudicamus.
1122 2191 1214 2261 Nam

225 2291 381 2360 carentia
407 2291 470 2361 illa
500 2290 674 2381 significat
694 2291 985 2381 despoliationem
1015 2293 1214 2383 ingentium

224 2394 420 2477 donorum,
452 2393 604 2486 quaein
631 2391 836 2462 conditione
856 2394 981 2485 primis
1007 2395 1215 2485 parentibus

225 2495 304 2565 data
329 2507 430 2579 sunt,
455 2494 618 2565 videlicet
643 2495 751 2579 lucis,
776 2519 845 2586 qua
868 2496 1020 2566 firmiter
1047 2520 1215 2587 agnosce-

225 2596 315 2665 bant
327 2591 463 2680 Deum,
488 2610 550 2667 aut
563 2618 749 2682 agnoscere
765 2611 940 2688 poterant,
966 2611 1000 2667 et
1012 2599 1214 2669 conversio-

225 2696 282 2767 nis
305 2697 499 2769 voluntatis
519 2699 564 2768 ad
586 2695 721 2781 Deum,
751 2712 786 2768 et
809 2699 1031 2770 rectitudinis
1053 2701 1214 2771 omniurn

226 2798 369 2868 virium.
418 2797 485 2870 llis
514 2800 651 2869 amissis
678 2801 843 2870 successit
876 2800 986 2891 caligo
1012 2801 1051 2870 in
1083 2815 1214 2888 mente,

206 2901 364 2970 aversio
386 2901 597 2981 voluntatis,
623 2915 657 2970 et
687 2896 820 2982 ἀταξία
839 2903 1000 2972 omnium
1024 2904 1213 2995 appetitio-

226 3025 313 3072 num
329 3003 524 3073 voluntatis
543 3015 578 3072 et
600 3004 775 3094 appetitus
796 3004 966 3077 sensitivi.
1016 3003 1112 3075 llaec
1128 3030 1214 3075 con·-

765 217 1223 301 sels-TOLARUM
1270 217 1379 298 LIB.
1407 218 1510 301 vllt
1561 216 1691 299 1541.

2079 246 2083 259 '
2201 224 2256 311 40

1264 393 1407 464 sionem·
1415 395 1608 466 voluntatis
1621 388 2070 488 horribiles-blasphemiae
2088 398 2257 469 omnibus

1263 496 1448 570 aetatibus.
1497 495 1571 567 Nec
1587 489 1787 587 Prophetae
1801 496 1879 566 leve
1889 498 2023 568 malum
2037 498 2257 585 describunt,

1262 621 1344 667 cum
1361 596 1483 692 inquit
1495 595 1600 673 lere:
1623 595 1780 670 Pravum
1794 612 1924 671 estest
1943 594 2103 677 huminis
2119 615 2155 673 et
2171 625 2257 695 pen

1261 721 1414 774 versum.

1363 832 1436 904 Nec
1454 833 1522 933 fuit
1538 833 1707 923 exiguum
1719 832 1966 906 ornamentu'm
1984 836 2047 908 illa
2070 837 2257 930 originalis

1263 935 1410 1018 iustitia,
1434 960 1541 1029 quam
1557 932 1616 1031 (ut
1630 959 1695 1005 nos
1710 937 1853 1030 quidem
1870 937 2128 1035 existimamus)
2142 940 2256 1032 signi-

1262 1038 1343 1107 ficat
1358 1038 1554 1110 similitudo
1567 1036 1623 1106 vel
1640 1038 1755 1127 imago
1770 1036 1857 1124 Dei,
1880 1063 1949 1133 qua
1964 1040 2130 1113 videlicet
2151 1066 2254 1113 mens

1262 1133 1420 1209 humana
1434 1139 1605 1230 templum
1621 1153 1694 1210 erat
1706 1137 1787 1221 Dei,
1814 1140 1854 1209 in
1870 1166 1941 1234 qua
1956 1143 2089 1215 luceret
2105 1144 2256 1216 illustris

1262 1241 1390 1312 notitia
1412 1239 1498 1325 Dei,
1527 1241 1628 1310 firma
1648 1236 1832 1326 adhaesio,
1864 1256 1908 1323 stx
1921 1246 2073 1336 perlecta
2097 1246 2255 1320 dilectio.

1262 1341 1382 1431 Quare
1403 1354 1437 1411 et
1450 1334 1584 1413 Paulus
1601 1340 1773 1412 renovari
1795 1344 1895 1417 iubet
1915 1346 2123 1436 imaginem3
2154 1360 2189 1419 et
2212 1360 2257 1418 ut

1261 1444 1412 1534 intelligi
1433 1446 1562 1536 possit,
1594 1444 1681 1538 quid
1704 1458 1803 1517 vocet
1823 1446 2034 1538 imaginem,
2065 1449 2184 1536 addit,
2214 1448 2254 1518 in

1259 1546 1461 1631 sanctitate,
1484 1546 1630 1616 veritate
1646 1557 1710 1620 etc.

1362 1676 1459 1749 llaec
1469 1679 1498 1747 si
1513 1681 1556 1748 de
1568 1678 1835 1749 definitionibus
1846 1680 2070 1769 satisfacient,
2086 1685 2188 1754 nulla
2202 1699 2255 1758 est

1261 1781 1506 1872 discrepantia.
1556 1778 1628 1850 Sed
1649 1779 1680 1849 si
1704 1804 1779 1849 non
1805 1782 2036 1870 satisfacient,
2068 1784 2255 1857 offerimus

1261 1906 1327 1952 nos
1352 1884 1397 1952 ad
1421 1881 1652 1974 copiosiorem
1682 1882 1962 1973 explicationem.
2019 1883 2073 1956 Ac
2096 1887 2252 1980 requiri·

1261 2006 1341 2053 mus
1356 1984 1393 2052 in
1410 1983 1601 2053 iudicando
1624 1983 1824 2057 candorem.
1873 1983 1927 2055 De
1945 1984 2056 2057 altero
2079 1987 2159 2059 loco
2177 1991 2253 2061 for-

1261 2100 1352 2161 tasse
1366 2085 1445 2177 plus
1460 2085 1526 2154 erit
1540 2084 1809 2155 controversiae.
1838 2084 1946 2175 Quod
1959 2088 2053 2158 enim
2063 2086 2107 2159 D.
2115 2086 2253 2163 Doctor

1263 2187 1385 2265 citavit
1399 2187 1510 2255 multa
1525 2186 1744 2272 testimonia,
1775 2209 1865 2280 qnae
1886 2189 2158 2261 confirmantia
2180 2191 2253 2265 Ba-

1261 2289 1392 2380 ptismo
1416 2288 1496 2358 tolli
1521 2300 1722 2379 peccatum,
1756 2288 1926 2358 sentimus
1950 2313 2018 2362 nos
2044 2316 2187 2387 quoque
2211 2295 2252 2366 in

1262 2388 1461 2482 Baptismo,
1487 2403 1521 2459 et
1535 2388 1669 2458 remitti
1681 2404 1861 2481 peccatum
1877 2391 2042 2481 originis,
2067 2406 2102 2465 et
2115 2410 2252 2468 caetera

1263 2488 1378 2584 (utin
1402 2486 1549 2584 adultis)
1574 2503 1608 2592 et
1629 2491 1707 2560 dari
1727 2491 1890 2583 spiritum
1906 2508 2085 2580 sanctum,
2110 2498 2173 2590 qui
2190 2499 2253 2568 in·

1262 2608 1341 2665 coat
1366 2594 1496 2662 novam
1527 2593 1657 2677 lucem,
1689 2606 1723 2663 et
1750 2594 2017 2665 conversionem
2044 2598 2251 2676 voluntatis.

1262 2694 1335 2766 Nec
1358 2695 1560 2770 dubitamus
1575 2694 1663 2786 quin
1684 2691 1925 2767 totaEcclesia
1950 2697 1999 2766 sic
2016 2700 2154 2775 sentiat.
2207 2700 2251 2773 ld

1262 2810 1379 2867 autem
1392 2808 1446 2866 est
1462 2796 1675 2886 amplificare
1691 2811 1725 2866 et
1746 2800 1874 2866 ornaie
1888 2795 2127 2890 Baptismum,
2152 2795 2258 2896 quod

1262 2912 1357 2969 tanta
1373 2912 1425 2968 est
1437 2898 1567 2987 gratiae
1584 2898 1821 2985 exuberantia,
1845 2913 1886 2969 ut
1900 2893 1968 2970 hoc
1982 2902 2127 2990 malum,
2153 2909 2253 2999 quod

1262 3000 1437 3093 reliquum
1457 3014 1526 3084 est,
1559 3000 1664 3069 etiam
1689 3014 1843 3088 tegatur,
1876 3013 1911 3069 et
1931 3003 2157 3076 condonetur
2182 3003 2253 3096 his,

226 3103 377 3173 veniunt
405 3105 450 3173 ad
477 3128 553 3173 eam
577 3104 837 3190 definitionem,
872 3106 1005 3198 inqua
1033 3122 1212 3197 peccatum
1262 3103 1328 3195 qui.
1337 3096 1482 3172 manent
1496 3101 1535 3168 in
1547 3101 1670 3189 gratia.
1701 3096 2088 3198 SicutPaulusinquit':
2105 3103 2252 3181 Exube-

166 3248 170 3255 -
226 3206 376 3294 originis
386 3206 666 3298 concupiscentia
676 3220 832 3280 vocatur.
864 3204 1106 3279 Discemimus
1118 3210 1212 3277 enim
1262 3228 1340 3273 rare
1355 3204 1501 3292 gratiam
1514 3225 1620 3294 supra
1634 3216 1825 3294 peccatum.
1874 3202 1978 3281 Nunc
1990 3222 2111 3279 manet
2127 3205 2197 3281 hoc
2211 3213 2252 3282 in

206 3300 459 3400 'appetitiones
473 3308 582 3399 ipsas,
603 3308 774 3378 divinitus
791 3309 968 3395 conditas,
1002 3311 1214 3402 adeprava·
1262 3305 1515 3376 controversia:
1567 3329 1614 3373 an
1642 3306 1788 3375 morbus
1812 3305 1970 3399 reliquus
1992 3308 2031 3376 in
2052 3313 2182 3382 sanctis
2205 3314 2251 3386 sit

227 3410 339 3493 tione,
366 3433 455 3502 quae
471 3409 630 3491 accessit,
661 3433 723 3479 seu
744 3412 789 3479 ab
804 3405 942 3484 Ataxia.
1000 3408 1151 3481 Manent
1173 3413 1213 3480 in
1262 3431 1374 3499 poena
1398 3421 1534 3478 tantum
1561 3429 1623 3475 seu
1657 3401 1898 3498 adiaphoron,
1931 3433 1978 3477 an
2011 3433 2096 3481 vero
2122 3414 2168 3485 sit
2194 3439 2252 3487 res

225 3511 408 3580 voluntate
424 3512 579 3581 adfectus
594 3511 765 3580 divinitus
781 3513 894 3581 additi
915 3508 1091 3605 humanae
1107 3527 1214 3584 natu·
1261 3510 1367 3599 digna
1385 3523 1524 3579 aeterna
1542 3521 1656 3597 morte
1680 3533 1739 3577 sua
1757 3521 1901 3594 natura,
1923 3507 1954 3579 si
1972 3536 2047 3582 non
2066 3517 2253 3588 condona-

224 3636 295 3694 rae,
309 3625 455 3681 manent
470 3612 701 3704 appetitiones
716 3613 753 3679 iu
771 3614 938 3682 sensitiva
955 3616 1131 3703 appetitu:
1148 3639 1213 3684 nec
1261 3624 1370 3684 retur.
1421 3609 1533 3678 Porro
1549 3605 1607 3679 bic
1622 3611 1769 3679 morbus
1789 3634 1863 3679 non
1886 3624 2022 3683 tantum
2041 3629 2093 3685 est
2114 3641 2253 3689 concu-

226 3713 368 3804 proprie
400 3714 717 3805 concupiscentiam
745 3728 877 3784 veteres
904 3716 1023 3784 vocari
1048 3717 1214 3785 volebant
1260 3711 1664 3803 piscentiainappetitu
1684 3711 1871 3797 sensitivo,
1896 3727 2116 3786 nectantum
2137 3719 2253 3791 fomes

226 3805 457 3906 appetitiones
474 3816 553 3886 illas
569 3815 741 3884 divinitus
758 3817 912 3902 additas,
937 3820 995 3885 sed
1013 3841 1133 3886 earum
1150 3819 1213 3886 de·
1261 3837 1323 3882 seu
1346 3813 1497 3906 qualitas
1523 3813 1699 3904 corporis,
1729 3815 1789 3882 sed
1818 3815 1953 3908 reliqua
1987 3818 2103 3887 estin
2130 3837 2252 3894 mente

226 3917 486 4007 pravationem3
519 3930 560 3985 ut
575 3941 777 4009 quanquam
794 3918 832 3986 in
847 3916 982 3988 Catone
997 3933 1049 3988 est
1063 3944 1163 3988 amor
1178 3931 1212 3988 et
1260 3916 1422 3985 nondum
1438 3938 1580 4006 prorsus
1599 3914 1753 4006 dispulsa
1771 3915 1896 4004 caligo,
1921 3931 1961 3987 ut
1976 3921 2129 3990 maxime
2145 3946 2252 4015 expe-

227 4018 413 4088 admiratio
440 4018 597 4102 virtutis,
635 4030 753 4088 tamen
778 4020 942 4089 voluntas
968 4044 1087 4090 aversa
1115 4035 1210 4091 esta
1259 4018 1403 4088 riuntur
1416 4017 1539 4101 sancti,
1565 4017 1627 4109 qui
1643 4029 1838 4106 agnoscunt
1853 4018 2092 4091 dubitationes
2105 4021 2251 4113 deDeo,

226 4116 314 4193 Deo.
364 4117 419 4189 Ex
435 4115 492 4188 bis
507 4143 572 4188 nos
591 4121 752 4212 quidem,
779 4134 813 4189 et
828 4135 962 4190 veteres
978 4123 1212 4208 definitiones,
1261 4120 1506 4191 diffidentiam.
1547 4116 1621 4187 Nec
1648 4118 1697 4188 ita
1724 4118 1889 4188 voluntas
1917 4144 2087 4193 ‘conversa
2121 4139 2174 4196 est
2205 4130 2251 4198 ad

228 4235 262 4290 et
281 4235 439 4291 nostram
461 4223 669 4290 sententiam
693 4246 771 4291 cum
795 4223 866 4290 illis
890 4246 1082 4312 congruere
1103 4225 1213 4293 senti·
1260 4219 1394 4299 Deum,
1419 4235 1459 4292 ut
1473 4233 1546 4291 tota
1562 4222 1684 4289 ardeat
1698 4220 1903 4307 dilectione3
1937 4226 1995 4291 sed
2014 4226 2127 4296 sancti
2143 4229 2249 4301 ctiam

225 4346 317 4396 mus.
356 4322 465 4412 Quod
480 4347 563 4392 vero
578 4323 635 4392 usi
649 4346 769 4393 sumus
784 4324 975 4409 vocabulis,
1001 4350 1089 4417 quae
1103 4326 1213 4414 signi·
1260 4335 1371 4392 ruunt
1395 4322 1433 4389 in
1464 4322 1734 4393 admirationem
1760 4336 1794 4391 et
1816 4345 1973 4393 amorem
1998 4326 2066 4400 sui.
2124 4326 2252 4402 Manet

228 4424 333 4494 ficant
347 4440 456 4508 actus,
479 4425 710 4494 discernimus
724 4439 757 4494 et
770 4449 836 4494 nos
851 4427 1023 4516 originale
1037 4428 1081 4496 ab
1095 4442 1214 4498 actua·
1262 4424 1371 4514 igitur
1392 4437 1425 4493 et
1437 4424 1486 4490 in
1505 4437 1623 4492 mente
1649 4435 1682 4492 et
1704 4423 1743 4491 in
1763 4424 1946 4495 voluntate
1971 4440 2005 4496 et
2029 4428 2072 4496 in'
2090 4434 2250 4522 appetitu

229 4526 334 4595 libus}
384 4525 453 4596 Sed
474 4550 555 4595 cum
578 4527 737 4615 negative
752 4528 1053 4619 descripserimus,
1079 4529 1214 4619 signiti-
1262 4525 1429 4595 sensitivo
1445 4525 1647 4608 infirmitas,
1673 4548 1779 4617 quam
1802 4528 1905 4596 toties
1920 4527 2109 4618 deplorant
2127 4536 2252 4612 sancti.

230 4628 385 4697 cavimus
398 4630 576 4698 donorum
592 4629 736 4697 illorum
749 4628 1050 4722 despoliationem.

323 4759 404 4833 ¹Nec
421 4761 511 4830 illud
527 4756 859 4852 reprehendendum
874 4775 935 4847 est,
961 4762 1056 4855 quod
1072 4786 1214 4852 exagge-

229 4887 348 4933 ramus
362 4862 641 4951 magnitudinem
661 4862 735 4931 eius
754 4864 848 4946 mali,
872 4866 979 4933 modo
998 4865 1091 4934 intra
1106 4879 1215 4935 metas

231 4967 403 5055 legitimas
419 4966 659 5034 consistamus.
699 4959 927 5053 Arbitramur
944 4966 1039 5034 enim
1052 4990 1126 5035 non
1142 4990 1214 5034 esse

134 5115 140 5126 ,
231 5068 323 5136 levia
345 5067 438 5134 mala
461 5066 646 5155 caliginem
667 5065 766 5135 illam
788 5067 827 5134 in
847 5081 982 5151 mente,
1009 5081 1044 5137 et
1060 5068 1215 5136 aversio-

231 5193 312 5238 nem
337 5168 531 5238 voluntatis
552 5191 571 5235 a
590 5163 687 5250 Deo,
717 5193 759 5240 ex
782 5169 911 5262 quibus
932 5184 1003 5240 tam
1025 5164 1216 5240 horribiles

232 5271 469 5340 dubitationes
493 5265 706 5362 Epicureae,
739 5266 989 5357 Academicae,
1012 5285 1053 5342 'et
1083 5271 1215 5342 infiniti

232 5397 368 5443 errores
382 5373 425 5443 de
438 5368 516 5442 Deo
530 5370 599 5443 orti
616 5385 709 5442 sunt.
758 5371 807 5444 Et
819 5387 1037 5448 accesserunt
1052 5376 1097 5444 ad
1112 5397 1215 5445 aver-

1262 4626 1313 4697 Ut
1326 4624 1456 4695 Paulus
1472 4622 1597 4722 [Rom.
1612 4622 1667 4722 7.]
1690 4627 1875 4719 inquiens,
1907 4625 2035 4700 Infelix
2050 4655 2114 4723 ego
2130 4629 2251 4722 homo,

1262 4728 1341 4822 quis
1361 4751 1418 4797 me
1439 4728 1604 4797 liberabit
1627 4728 1671 4798 de
1693 4752 1838 4819 corpore
1859 4726 2139 4804 mortisahuius?
2188 4734 2253 4813 Ait

1266 4833 1349 4901 item
1366 4830 1516 4920 grassari
1531 4824 1622 4898 banc
1637 4830 1748 4920 legem
1764 4832 1801 4899 in
1817 4831 1987 4902 membris
2002 4827 2125 4907 hostili
2138 4862 2251 4928 more,

1263 4948 1298 5004 et
1312 4934 1422 5021 legem
1440 4932 1568 5000 mentis
1581 4933 1752 5021 captivam
1767 4932 1857 5024 rapi.
1893 4926 1995 5005 ¹Haec
2008 4958 2081 5007 non
2098 4952 2150 5009 est
2162 4940 2254 5014 levis

1263 5034 1414 5128 querela.
1471 5033 1545 5119 Nec
1572 5033 1633 5102 illa
1658 5033 1745 5102 levis
1775 5035 1936 5105 ducenda
1963 5038 2073 5108 estin
2098 5035 2253 5115 Psalmis

1265 5135 1342 5235 [Ps.
1351 5131 1447 5232 50.]‚
1470 5132 1563 5204 Ecce
1579 5133 1617 5202 in
1631 5134 1879 5226 iniquitatibus
1891 5153 2079 5230 conceptus
2092 5165 2172 5212 sum
2186 5160 2253 5222 etc,

1337 5261 1645 5364 ltem[Ps.11ti.],
1662 5262 1739 5357 Ego
1749 5266 1822 5336 dixi
1830 5267 1870 5337 in
1882 5292 2120 5361 excessumco,
2134 5281 2252 5351 omnis

1262 5367 1370 5442 homo
1383 5371 1543 5456 mendax,
1568 5369 1606 5439 id
1620 5382 1689 5456 est,
1714 5392 1788 5440 non
1802 5384 1895 5442 recte
1907 5373 2063 5445 sentiens
2076 5376 2121 5447 de
2135 5376 2225 5469 Deo.
