4522 5752
56 218 136 305 ers
590 162 1065 322 'aersroraauu
1112 210 1222 293 urs.
1250 212 1353 295 vnt
1404 212 1534 293 esar.
1773 180 1819 220 ⁸
2018 222 2095 295 Μ

41 378 285 467 'nsttbums
299 383 680 474 Eccleslse'membra,
703 407 794 559 qpps
816 397 917 480 pater
939 381 1069 455 coele'-‘
1104 383 1364 472 invocandum,
1395 401 1535 461 sanctos
1558 410 1643 458 vero
1670 410 1746 460 non
1771 388 1874 461 aliter
1902 384 2096 479 habendos,
2186 384 2189 389 ’

56 490 229 571 stisfrlios
244 490 456 583 agnoscitne
472 481 644 573 honorat,
676 486 716 559 lo
766 510 803 563 u.
827 486 889 561 12.
939 482 1054 556 Filius
1105 513 1213 583 quam
1232 488 1376 561 sedulos
1397 490 1490 581 apud
1506 487 1623 561 Deum
1635 503 1851 581 precatores,
1876 507 2017 563 nostrae
2037 516 2095 563 sa-

55 610 99 669 nt
107 596 237 669 fratres
251 586 512 668 etcohaeredes
527 582 654 679 habet,
684 586 863 664 Romano.
881 588 919 662 Β.
970 585 1054 679 Spi-
1105 590 1189 661 lutis
1209 591 1349 676 avidos,
1380 591 1590 684 eosdemque
1613 590 1747 660 nonin
1769 615 1830 663 sua
1850 592 2000 679 virtute,
2031 597 2094 664 sed
2129 636 2132 641 ·

55 697 149 771 ritus
162 706 305 767 sanctus
320 693 451 786 templa
467 715 530 765 sua
545 705 648 765 vocat
660 693 686 764 2
699 688 837 764 Coriut
850 687 886 765 6.
902 688 1054 767 laudan·
1104 691 1142 760 in
1157 691 1234 785 ipso
1247 689 1325 763 Deo
1350 685 1425 786 (cui
1441 692 1484 762 de
1499 692 1645 762 illorum
1659 690 1816 763 victoriis
1834 693 1966 783 gratiae
1987 715 2094 785 agen-

56 800 144 883 dos,
168 822 211 869 ac
229 819 353 869 eorum
367 792 595 874 memoriam,
617 805 652 864 et
667 792 712 864 ad
728 791 949 863 excitandam
971 789 1054 859 iuri-
1104 795 1169 864 dae
1182 789 1284 890 sunt)
1304 787 1534 864 honorandos
1547 805 1583 864 et
1595 790 1798 870 imitandos.

57 888 251 980 tationem,
277 909 312 967 et
325 908 368 967 ut
383 894 519 965 meritis
535 917 660 965 eorum
677 892 941 974 consociemur,
966 890 1053 961 reli·
1205 892 1389 965 Praeclare
1428 907 1522 964 certe
1562 887 1783 985 Augustinus
1811 894 1875 965 lib.
1900 895 1937 969 8.
1970 910 2093 969 contra

58 1002 158 1095 giosa
179 998 392 1091 solennitate
415 995 664 1067 celebrandam
690 1017 784 1076 csse,
810 991 1053 1083 Quemadmo-
1102 989 1216 1087 Epist.
1235 993 1371 1084 Pelagii
1392 997 1438 1065 ad
1452 993 1678 1065 Bonifatium
1705 1020 1780 1089 cap.
1797 995 1832 1071 8.
1840 992 1881 1093 Π)
1907 995 2009 1083 Nou,
2035 1000 2093 1069 in-

58 1104 148 1174 dum
177 1096 401 1190 Augustinus
434 1092 542 1167 habet
574 1109 699 1169 contra
733 1091 904 1167 Faustum
929 1090 1053 1164 Mani·
1103 1097 1200 1191 quit,
1219 1097 1468 1168 constituimus
1481 1096 1695 1190 martyribus
1712 1098 1861 1189 templa,
1886 1100 2093 1185 sacerdotia,

58 1198 208 1275 chaenm
221 1201 315 1272 libro
330 1199 393 1275 20.
406 1197 556 1292 cap·2l.
588 1193 637 1270 Et
651 1195 785 1268 Paulus
798 1197 844 1266 ad
855 1191 983 1267 Ebrae.
994 1194 1053 1269 18.
1102 1221 1200 1269 sacra
1221 1211 1256 1269 ct
1276 1198 1464 1282 sacrificia,
1498 1197 1668 1291 quoniam
1696 1222 1771 1268 non
1794 1199 1881 1290 ipsi,
1913 1191 2093 1272 sed'Deus

59 1303 244 1396 Quorum,
269 1300 400 1395 inquit,
422 1299 601 1372 intuentes
617 1296 1053 1383 nieum‘eonveuarionis,
1103 1324 1227 1370 eorum
1249 1299 1355 1371 uobis
1378 1313 1429 1369 est
1445 1296 1554 1370 Deus.
1602 1295 1831 1369 Honoramus
1854 1323 1936 1371 sane
1957 1326 2093 1372 memo·

59 1404 249 1477 imitemini
262 1415 297 1474 et
310 1404 429 1475 fidem.
1102 1401 1173 1471 rias
1200 1424 1343 1483 eorum,
1376 1414 1545 1494 tanquam
1571 1415 1773 1472 sanctorum
1803 1395 1992 1472 bominum
2013 1401 2094 1491 Dei,

161 1504 281 1578 Sentit
293 1504 390 1574 enirn
401 1497 560 1574 Ecclesia
575 1496 659 1597 (uec
673 1498 840 1570 destituta
852 1498 997 1592 quidem
1013 1495 1051 1569 in
1103 1502 1166 1595 qui
1178 1525 1291 1597 usque
1309 1503 1355 1573 ad
1369 1515 1520 1572 mortem
1536 1524 1682 1573 suorum
1699 1527 1888 1596 corporum
1911 1527 1976 1595 pro
1997 1505 2093 1574 veri-

59 1603 126 1680 hoc
140 1601 345 1700 scripturis)
368 1615 507 1675 sanctos
527 1603 619 1673 miro
643 1600 817 1672 desiderio
839 1600 962 1670 salutis
985 1624 1053 1670 no-
1102 1616 1174 1674 tate
1189 1617 1386 1688 certarunt,
1407 1617 1448 1674 ut
1465 1604 1701 1675 innotesceret
1719 1628 1801 1674 vera
1823 1593 2093 1694 religio,'falsis

59 1724 152 1780 strae
186 1704 258 1804 (uti
289 1707 398 1779 unius
423 1697 651 1799 eiusdemque
675 1702 862 1774 nobiscum
894 1701 1052 1794 corporis
1102 1704 1335 1795 religionibus
1356 1704 1458 1775 victis
1480 1717 1585 1798 atque
1613 1704 1794 1779 convictis.
1853 1703 1945 1795 Quis
1971 1720 2094 1780 autem

58 1808 239 1896 membra,
263 1831 353 1903 quae
367 1807 444 1877 sine
464 1805 569 1876 uobis
586 1803 862 1890 consummanda
877 1825 952 1871 non
969 1816 1052 1873 sunt
1102 1806 1242 1878 audivit
1269 1806 1462 1899 aliquando
1490 1805 1670 1891 fidelium,
1697 1819 1848 1878 stantem
1875 1810 2092 1880 sacerdotem

57 1906 189 1986 Ebrae.
208 1906 284 2005 11.)
300 1892 425 1993 teneri,
449 1921 484 1978 et
496 1907 647 2000 proinde
662 1928 722 1976 eos
736 1899 851 1974 Deum
865 1927 930 1994 pro
946 1905 1057 1975 nobis·
1085 1909 1143 1978 ad
1163 1907 1272 1979 altare
1288 1907 1394 1977 etiam
1409 1930 1515 1999 super
1531 1921 1691 1977 sanctum
1708 1930 1836 2000 corpus
1856 1910 2022 2003 martyris
2045 1910 2091 1981 ad

59 2036 224 2096 exorare,
247 2009 364 2084 Deum
382 2025 522 2104 quoque
536 2020 673 2077 sanctos
687 2031 753 2098 pro
770 2004 874 2074 nobis
896 2005 1051 2076 solicitos
1101 2005 1168 2078 Dei
1194 2003 1365 2079 honorem
1390 2010 1595 2101 cultumque
1617 2022 1878 2094 constructum,
1911 2011 2028 2080 dicere
2053 2011 2092 2081 in
2166 2015 2169 2021 '
2201 2069 2204 2075 .

59 2114 245 2193 exaudire,
270 2124 304 2183 et
318 2123 463 2205 propter
477 2110 559 2181 illos
573 2108 677 2181 nobis
693 2108 914 2192 benefacere,
936 2103 1049 2182 Euod.
1100 2110 1281 2202 precibus:
1307 2108 1418 2179 offero
1442 2108 1509 2180 tibi
1530 2109 1739 2181 sacrificium
1752 2108 1873 2195 Petre,
1898 2113 1954 2180 vel
1969 2109 2092 2198 Paule,

59 2217 122 2292 82.
149 2212 280 2286 Daniel
296 2207 383 2308 30⁸)
1099 2210 1156 2281 vel
1171 2208 1367 2306 Cypriane,
1397 2234 1479 2281 cum
1493 2212 1589 2303 apud
1610 2233 1734 2281 eorum
1749 2209 1938 2282 memorias
1961 2213 2092 2284 offera-

159 2311 209 2387 Et
225 2328 265 2386 ut
280 2338 356 2387 uon
371 2312 522 2384 dubium
536 2325 607 2397 est,
631 2308 761 2381 sanctis
775 2332 837 2381 sna
853 2331 928 2380 esse
942 2307 1050 2378 meri-
1100 2323 1160 2383 tur
1172 2309 1270 2398 Deo,
1294 2310 1357 2406 qui
1374 2335 1433 2383 eos
1449 2325 1483 2382 et
1498 2305 1664 2382 homines
1684 2325 1719 2384 et
1732 2325 1903 2407 martyres
1928 2313 2030 2401 fecit,
2055 2329 2091 2388 et

58 2433 107 2503 ta,
132 2440 224 2512 quae
238 2430 359 2488 tamen
376 2415 481 2487 etiam
494 2411 563 2485 Dei
576 2412 779 2507 suutdona,
804 2411 854 2483 ita
871 2409 1050 2485 communi
1100 2413 1230 2484 sanctis
1243 2409 1393 2503 Angelis
1408 2412 1481 2484 suis
1497 2414 1637 2484 coelesti
1651 2409 1790 2485 bonore
1806 2413 1969 2497 sociavit,
1994 2429 2035 2487 ut
2048 2439 2090 2487 ea

58 2517 239 2597 Ecclesiae
260 2539 435 2589 consensu
454 2528 636 2608 receptum
657 2526 728 2598 est,
757 2523 799 2583 ut
819 2512 878 2606 pie
898 2511 937 2582 iu
953 2507 1050 2582 hunc
1100 2514 1301 2586 celebritate
1314 2527 1348 2585 et
1363 2512 1440 2584 Deo
1453 2537 1538 2586 vero
1556 2516 1600 2584 de
1615 2514 1760 2585 illorum
1780 2515 1940 2587 victoriis
1961 2517 2090 2607 gratiae
2187 2594 2192 2607 ⁸

58 2622 207 2692 modum
223 2633 344 2690 oretur
358 2616 474 2702 Deus,
499 2642 570 2711 quo
591 2629 793 2686 sanctorum
807 2636 954 2685 suornm
974 2637 1049 2683 me-
1099 2639 1262 2706 agamus,
1287 2630 1323 2687 et
1336 2638 1401 2686 nos
1419 2617 1464 2685 ad
1480 2614 1715 2688 imitationem
1737 2616 1862 2688 talium
1877 2618 2090 2690 coronarum

59 2724 139 2794 ritis
160 2721 396 2816 precibusque
411 2718 614 2802 concedat,
651 2715 755 2787 utin
778 2715 944 2785 omuibus
966 2737 1049 2784 suae
1101 2731 1135 2788 et
1160 2719 1377 2810 palmarum,
1410 2719 1535 2802 eodem
1566 2717 1729 2788 invocato
1754 2718 1794 2789 in
1824 2719 2016 2806 auxilium,
2047 2744 2091 2790 ex
2136 2738 2141 2745 “

59 2823 289 2918 protectionis
302 2816 508 2893 muniamur
523 2817 674 2903 ancilia,
699 2813 781 2887 Non
797 2816 939 2909 quidem
954 2815 1048 2907 ipso-
1100 2842 1222 2889 eorum
1234 2818 1424 2890 memoriae
1435 2818 1679 2889 recordatione
1694 2812 1933 2894 adhortemur.
1969 2818 2089 2910 Quae-

59 2952 141 2997 rum
154 2924 293 2994 meritis
310 2948 351 2994 ex
365 2946 412 3007 se,
437 2920 572 3015 Verum
585 2943 650 3014 per
666 2912 847 2988 Christum
862 2917 1048 2987 dominum
1100 2943 1239 3014 cunque
1269 2920 1379 3010 igitur
1404 2915 1621 2991 adhibentur
1644 2920 1891 3011 religiosorum
1919 2923 2090 3017 obsequio

58 3041 233 3111 nostrum,
256 3024 356 3095 cuius
371 3021 481 3112 gratia
494 3035 530 3092 et
542 3021 597 3091 illi
612 3019 741 3089 serrati
756 3030 849 3104 sunt,
871 3017 1049 3097 caiatiam
1101 3022 1139 3091 in
1161 3033 1360 3116 martyrum
1383 3021 1488 3106 locis,
1519 3022 1566 3091 ad
1592 3016 1891 3117 oruamentum⁷⁸)
1912 3037 1995 3095 sunt
2012 3048 2089 3095 me-

59 3152 167 3211 omne
180 3125 347 3197 meritum
360 3125 416 3195 illi
430 3136 610 3217 accepturu
623 3121 754 3193 ferunt.
1098 3122 1310 3207 morinum,
1341 3145 1417 3193 non
1438 3144 1537 3193 sacra
1559 3136 1643 3194 suut
1664 3124 1722 3194 vel
1743 3124 1912 3195 sacrificia
1929 3138 2088 3197 mortuo-
2173 3144 2180 3151 ·

160 3226 235 3301 Nec
256 3226 500 3297 damnandum
521 3236 591 3308 est,
621 3223 652 3292 si
675 3221 756 3316 quis
776 3216 939 3308 religiosa
957 3239 1047 3311 qua·
1099 3248 1200 3310 rum,
1222 3236 1391 3316 tanquam
1407 3217 1577 3298 Deorum.
1626 3221 1723 3294 Haec
1737 3224 1811 3300 ille.
2090 3231 2093 3235 ’

58 3337 143 3404 darn
156 3330 306 3423 pietate,
330 3341 365 3400 et
379 3326 491 3399 animi
506 3325 662 3420 quodam
676 3323 814 3401 ardore,
839 3322 879 3391 in
895 3343 1048 3390 comme-
1195 3322 1249 3396 De
1263 3338 1465 3395 sanctorum
1479 3337 1675 3419 martyrum
1695 3322 1912 3422 reliquiis⁷⁰)
1936 3350 1975 3397 ea
1995 3324 2088 3397 s'em.

57 3431 259 3505 moratioue
273 3443 345 3500 tam
359 3428 504 3501 intimae
522 3437 663 3496 nostrae
678 3421 845 3495 cumillis
859 3416 1047 3491 inChristo
1098 3424 1242 3519 perluit
1266 3425 1305 3495 in
1319 3421 1477 3494 Ecclesia
1499 3425 1691 3511 sententia,
1717 3429 1814 3522 quod
1836 3443 2038 3498 reverenter
2054 3443 2089 3503 et

57 3533 227 3618 1111101152»
251 3554 311 3602 eos
325 3530 431 3602 etiam
449 3527 660 3605 11οωὶυὸῑίῐῦ
672 3523 844 3618 stivellei,
867 3522 937 3593 Sed
953 3536 1048 3592 extra
1099 3526 1261 3615 religiose
1283 3521 1468 3597 habendae
1489 3541 1622 3612 essent,
1652 3528 1922 3625 primumquod
1944 3525 2089 3605 bisan-

57 3657 197 3729 preces,
227 3657 318 3727 quaa
339 3633 384 3702 ad
408 3630 519 3701 altare
541 3628 759 3711 offeruntur,
791 3624 831 3693 in
850 3623 981 3717 quihus
1002 3624 1047 3692 ad
1098 3641 1237 3698 ctomm
1251 3627 1387 3698 cineres
1401 3640 1436 3698 et
1450 3649 1546 3714 ossa,
1569 3629 1681 3699 veluti
1699 3630 1870 3723 quaedam
1884 3631 2006 3702 relicta
2021 3656 2089 3701 no·

58 3738 178 3810 solum
199 3732 316 3808 Deum
343 3745 478 3827 patrem
504 3753 567 3823 per
587 3723 769 3801 Christum
790 3724 974 3814 dirigenda
997 3737 1049 3794 est
1097 3729 1152 3799 bis
1168 3728 1316 3820 pignora
1335 3742 1372 3799 et
1387 3729 1552 3815 exuviae,
1576 3752 1643 3800 nos
1664 3729 1845 3824 eius-quae
1866 3731 1905 3802 in
1928 3733 2000 3804 illis
2019 3734 2088 3807 fuit
2165 3718 2170 3727 ⁴

57 3837 188 3923 oratio,
211 3849 253 3907 ut
266 3830 373 3907 habet
385 3831 589 3904 Concilium
603 3822 879 3919 Carthaginense
893 3824 1047 3907 tertium·
1098 3830 1180 3900 fidei
1196 3844 1231 3902 et
1252 3830 1406 3901 caritatis
1421 3832 1753 3917 commonefaciant,
1774 3833 1860 3902 dum
1878 3834 2011 3906 scilicet
2030 3859 2090 3907 ree

57 3942 119 4015 Sic
138 3951 279 4022 tamen,
303 3949 346 4008 ut
367 3948 440 4007 tota
462 3931 591 4003 fiducia
611 3931 650 4000 in
670 3929 787 4002 solum
804 3926 920 3997 Iesum
940 3921 1048 3996 Chri·
1098 3931 1291 4021 cogitamus
1311 3927 1397 4001 baec
1412 3933 1533 4002 eadem
1549 3955 1628 4002 ossa
1647 3930 1728 4014 illa,
1756 3934 1887 4027 quibus
1907 3938 2088 4028 compagi.

56 4057 153 4117 stum
167 4039 286 4110 omnis
295 4037 383 4108 boni
393 4046 553 4106 autorem
563 4045 768 4126 reponatur,
785 4041 818 4100 ct
831 4023 935 4112 nihil,
951 4027 1046 4122 quod
1097 4045 1220 4103 natum
1235 4030 1322 4103 olim
1345 4032 1416 4103 fuit
1438 4056 1583 4124 corpus,
1617 4027 1851 4106 inhabitantis
1873 4036 2003 4126 gratiae
2020 4039 2088 4107 do-

56 4143 136 4215 Deo
150 4139 335 4234 proprium
352 4151 422 4223 est,
446 4137 576 4207 sanctis
590 4134 784 4214 tribuatur,
809 4142 947 4201 tantum
963 4152 1047 4199 vero
1096 4131 1289 4219 micilium,
1317 4134 1447 4229 quibus
1468 4129 1700 4204 cohaeserunt
1719 4137 1896 4223 membra,
1920 4138 1990 4205 iam
2007 4138 2085 4229 pri·
2131 4156 2136 4166 ·

56 4259 99 4317 ut
112 4239 275 4315 conservi
292 4238 372 4335 (qui
395 4238 465 4308 iam
481 4246 689 4307 meruerunt
710 4231 787 4302 lieri
807 4248 1045 4321 'supernorum
1098 4236 1179 4305 dem
1194 4236 1322 4328 templa
1339 4234 1493 4328 Spiritus
1512 4235 1624 4304 sancti
1646 4235 1766 4309 fuisse.
1817 4235 1898 4327 Qua
1920 4240 2087 4309 recorda-

56 4340 192 4419 civiunt
214 4335 411 4436 consortes)
431 4361 506 4407 nou
527 4360 625 4407 secus
647 4358 753 4428 quarn
777 4331 840 4425 qui
860 4331 1046 4404 uobiscum
1096 4335 1194 4406 tione
1209 4336 1296 4407 fides
1319 4349 1440 4406 nostra
1464 4335 1503 4404 in
1516 4335 1649 4421 Deum,
1672 4361 1747 4407 non
1763 4339 1932 4426 dubium,
1956 4341 2086 4411 excita-

56 4441 175 4535 adbm
188 4444 228 4515 iu
239 4467 344 4515 carue
358 4452 443 4513 suut
458 4437 570 4510 sancti
584 4433 652 4508 Dei
663 4430 837 4517 homines,
860 4435 905 4503 ad
918 4433 1046 4502 iuvan-
1097 4451 1176 4523 tur,
1207 4450 1266 4523 ut,
1301 4438 1599 4531 quemadmodum
1624 4438 1681 4507 illi
1704 4462 1768 4530 per
1791 4441 1898 4510 fidem
1922 4441 2085 4512 vicerunt

56 4551 123 4632 das
136 4558 276 4619 nocuas
289 4566 409 4638 preces
423 4541 519 4636 apud
532 4537 650 4610 Deum
666 4536 914 4629 implorentur.
1097 4560 1223 4628 regna,
1248 4552 1285 4609 et
1303 4539 1437 4631 operati
1459 4548 1542 4608 sunt
1561 4536 1750 4624 iustitiam,
1775 4541 1825 4611 ita
1846 4556 1881 4613 et
1904 4564 1971 4612 nos
1994 4566 2085 4614 eun-

159 4642 208 4718 Et
221 4646 304 4739 quia
317 4644 431 4715 facilis
445 4655 499 4713 est
516 4636 704 4712 homiuum
717 4661 738 4708 a
752 4659 835 4707 vera
856 4635 985 4728 pietate
1007 4634 1046 4704 in
1098 4643 1178 4710 dem
1191 4639 1273 4709 fidei
1289 4640 1452 4731 spiritum
1469 4633 1657 4725 habentes,
1681 4664 1803 4712 eorum
1820 4643 1978 4736 exemplo
1998 4668 2085 4715 con-

55 4747 344 4844 cuperstitiouem
359 4747 498 4839 lapsus,
522 4742 710 4832 diligenter
731 4761 772 4809 ac
786 4739 908 4808 sedulo
929 4738 973 4814 de
989 4730 1046 4806 his
1097 4740 1245 4826 firmati,
1267 4741 1413 4811 adversa
1429 4740 1549 4812 omnia
1562 4741 1600 4810 in
1615 4739 1771 4814 Domino
1786 4743 1925 4815 vincere
1942 4746 2084 4816 annita-

58 4849 211 4926 docendi
231 4863 315 4920 sunt
330 4842 512 4930 homines,
531 4836 605 4936 ¹hoc
621 4855 691 4927 est,
714 4841 759 4910 de
780 4840 984 4911 collocanda
1007 4839 1046 4907 in
1097 4865 1190 4918 mur.
1227 4839 1468 4932 Quamobrem
1483 4842 1589 4913 etiam
1600 4840 1717 4915 Deum
1730 4857 1803 4916 tarn
1815 4846 1967 4936 insignia
1981 4869 2084 4937 saepe

56 4955 176 5026 solum
189 4947 305 5022 Deum
321 4946 470 5031 fiducia,
492 4944 564 5015 ¹soli
576 4940 653 5014 Deo
667 4941 833 5012 sacrificia
855 4941 1046 5020 offerenda,
1098 4942 1269 5014 miracula
1289 4944 1334 5015 ad
1358 4941 1559 5039 Martyrum
1578 4946 1767 5030 memorias
1788 4948 1956 5035 edidisse,
1987 4970 2083 5017 com-

58 5057 175 5127 sulum
196 5049 314 5123 Deum
333 5063 375 5121 ut
397 5048 544 5118 unicum
572 5044 696 5116 salutis
719 5055 860 5114 nostrae
887 5055 1045 5112 autorem
1100 5110 1325 5130 .........

58 5185 287 5320 W
298 5198 389 5361 pmii
414 5245 440 5289 et
452 5252 533 5304 super
547 5236 670 5307 sequenti
683 5239 860 5307 protestantes
871 5231 1047 5286 exbibuerunt
1132 5198 1178 5265 ⁷⁷)
1196 5197 1265 5253 3¹¹⁰·
1281 5208 1307 5252 ‘¹
1322 5194 1389 5251 1⁸:⁰¹¹·
1407 5211 1469 5263 ΜΡ·
1482 5193 1509 5251 ⁸·

129 5330 208 5366 suum
226 5319 357 5378 scriptum
389 5305 530 5374 crunctis,
551 5306 687 5377 signatum
703 5303 780 5359 litera
793 5300 842 5356 1³3·
877 5301 949 5356 Nota
962 5317 1047 5371 marg.
1133 5282 1179 5350 78)
1198 5282 1267 5341 Boc.
1283 5290 1309 5336 et
1323 5278 1390 5336 Ecl.
1405 5288 1591 5377 ornamepraq

126 5378 239 5436 iuMcl.
249 5375 325 5448 Qpp.
1133 5366 1180 5439 79)
1196 5366 1263 5422 Buc.
1276 5362 1612 5435 statuendasque.
1686 5384 1690 5391 ·

60 5462 243 5533 messura.
257 5454 362 5520 Orrr.
387 5451 470 5519 Ver..
483 5450 544 5519 IV.
1227 5437 1275 5513 15
