4522 5752
185 234 263 311 ιιι
334 174 368 245 ’·
548 264 552 273 -
745 216 1203 299 arserant-nun
1250 218 1490 305 creant
1539 208 1676 305 itta.
2156 230 2216 311 aa

189 404 338 505 blicaf‘)
359 398 598 477 Ecclesiarum
619 412 654 471 et
676 392 878 471 scholarum
900 396 1035 469 excidia
1050 409 1189 467 metue-
1238 399 1357 491 scopi,
1388 422 1408 468 a
1429 398 1552 490 legatis
1569 393 1765 489 Palatini,
1788 412 1825 473 et
1845 392 2218 479 aMarrlsiaaellm.

64 592 67 597 ,
192 526 292 599 rent,
329 510 398 604 ipsi
421 522 539 579 tamen
560 503 742 575 doctrinae
763 500 982 593 corruptelas
1002 501 1188 589 fugiendas
1238 503 1411 593 deuburg.
1432 498 1612 575 Electore:
1644 517 1687 576 ut
1705 504 1888 577 conciliati
1907 506 2057 579 articuli
2075 530 2220 601 compra-

132 631 135 637 '
192 638 268 687 esse
287 613 500 685 sentiebant.
557 604 631 677 Nec
651 601 691 674 hi
714 617 855 675 tantum
879 628 921 672 eo
943 604 1189 686 movebantur,
1238 606 1386 685 beatur,
1412 606 1541 676 caeteri
1554 604 1763 677 reiiciautur
1776 608 1822 677 ad
1838 608 2020 703 synodum
2045 622 2110 683 aue
2126 610 2221 683 ιιῐιιῃ

192 718 293 811 quod
315 716 482 787 omnibus
505 707 673 803 periculis
706 707 936 778 anteferenda
964 704 1011 775 sit
1041 704 1187 774 veritas:
1238 720 1465 779 conventum.
1514 705 1565 778 Hi
1588 708 1684 777 euim
1703 709 1956 801 disputabant,
1979 709 2156 805 paulatim
2173 736 2224 785 es.

191 820 253 891 sed
278 820 384 890 etiam
408 811 478 888 hoc
499 810 782 883 considerabant.
838 805 1002 878 Primum
1023 807 1189 877 modera-
1237 809 1350 880 ituras
1373 809 1413 879 in
1436 810 1663 882 concordiam
1675 806 1870 901 Ecclesias,
1899 812 1935 883 si
1957 814 2122 907 aequitas
2136 810 2224 885 adiri.

188 935 286 993 tores
306 944 447 1014 pacem,
471 938 580 1010 qnam
601 913 852 995 ostendebant,
880 932 957 980 uon
979 910 1188 1001 impetratu·
1236 912 1397 982 beretur:
1425 924 1461 981 et
1482 912 1705 983 conscientiis
1731 914 1894 1005 piorum,
1920 938 2017 1009 quae
2040 916 2226 989 desiderent

187 1046 251 1094 ros
266 1046 357 1109 esse,
382 1020 454 1091 nisi
479 1032 594 1089 totum
611 1039 720 1108 purae
734 1013 917 1085 doctrinae
931 1032 1042 1103 genus
1057 1010 1195 1081 abiice-·
1238 1016 1464 1107 quorundam
1499 1014 1636 1085 rituum
1681 1014 1891 1085 vitiosorum
1931 1017 2225 1105 ernendationem,

190 1150 321 1200 remus.
370 1122 511 1195 Deinde
527 1117 760 1199 domesticum
778 1137 989 1185 consensum
1013 1115 1187 1185 tuendum
1237 1117 1494 1186 consulendum
1517 1140 1602 1191 esse.
1653 1114 1776 1189 'l'ertia
1797 1117 1868 1187 suit
1891 1118 2079 1189 sententia
2099 1132 2225 1191 nosue-

186 1252 284 1315 esse,
315 1252 397 1298 cum
415 1233 553 1295 constet
575 1222 763 1313 plerosque
789 1217 887 1287 domi
908 1216 1188 1309 pacificationem
1237 1242 1337 1304 rum,
1362 1216 1445 1289 Non
1459 1213 1671 1311 reprebendi
1688 1218 1856 1289 articulos
1876 1220 2114 1306 conciliatas,
2133 1220 2165 1291 si
2182 1234 2225 1293 ta-

190 1326 284 1403 hanc
308 1330 367 1399 vel
392 1350 474 1398 cum
496 1346 693 1416 paucorum
722 1319 953 1390 articulorum
979 1317 1189 1411 corruptelis
1223 1343 1320 1390 ‚men
1342 1319 1383 1388 in
1406 1314 1462 1388 his
1484 1321 1657 1412 quaedam
1681 1321 1845 1411 ambigua
1867 1321 2005 1393 diserte
2023 1322 2225 1415 explicam

194 1432 422 1505 soniunctam
442 1425 634 1519 asperrime
653 1416 930 1515 reprehensuros
952 1434 985 1493 et
1005 1419 1189 1512 improba-
1237 1435 1308 1495 tur.
1348 1418 1552 1493 Addebam
1567 1436 1600 1492 et
1615 1422 1659 1491 de
1673 1422 1925 1493 controversiis
1940 1448 2022 1493 non
2037 1425 2222 1515 diremptis:

193 1550 295 1606 turos
318 1558 404 1608 esse.
454 1528 657 1611 Postremo,
682 1536 958 1595 secuturasesse
980 1544 1126 1612 magnas
1149 1522 1189 1590 in
1237 1548 1274 1592 se
1291 1524 1447 1594 iudicare
1462 1523 1661 1595 articulosa
1675 1524 1806 1596 nostris
1829 1525 1867 1593 in
1889 1524 2082 1619 colloquio
2104 1522 2222 1597 exhibi-

93 1688 98 1695 -
194 1637 326 1707 nostris
345 1630 512 1706 Ecclesiis
533 1627 738 1701 discordias.
798 1624 864 1695 llla
896 1648 981 1696 vero
1014 1624 1189 1716 promissa
1237 1639 1312 1710 tos,
1336 1648 1454 1696 veros:
1480 1626 1580 1697 etita
1596 1628 1775 1696 moderate
1796 1626 1950 1717 scriptos
1973 1648 2078 1715 esse,
2100 1642 2141 1699 ur
2158 1652 2220 1721 apg.

195 1740 241 1810 de
262 1763 370 1809 aureo
388 1734 524 1815 seculo,
550 1744 584 1801 et
606 1732 651 1800 de
673 1728 944 1814 reformatione,
975 1750 1050 1797 non
1068 1724 1190 1815 magni
1238 1739 1321 1797 rent
1336 1728 1432 1797 sanis
1445 1727 1586 1797 iudiciis
1602 1728 1839 1799 satisfacturos
1854 1750 1943 1803 esse.
1995 1726 2051 1799 Et
2063 1729 2146 1823 quis
2163 1729 2218 1801 ira·

195 1842 387 1912 f³⁶i⁰b³¹1t²
424 1836 522 1931 qu0‘1
540 1833 748 1901 *fideremus
770 1853 861 1915 ⁸⁵⁵0,
892 1844 932 1902 ut
954 1828 1072 1923 inquit
1086 1826 1119 1899 T
1122 1823 1191 1898 hu-
1237 1827 1545 1920 seratlmperator
1560 1825 1719 1900 exhiberi
1742 1829 2046 1902 deliberationem
2066 1832 2112 1901 de
2129 1832 2215 1903 resae

182 1944 359 2041 'cydidess
386 1942 511 2033 σχῆμα
529 1928 717 2007 actitanda
734 1924 859 2031 λόγου·
1238 1931 1394 2001 mationa
1408 1928 1604 2016 Ecclesiae,
1629 1931 1757 2002 adlecti
1771 1944 1857 2002 sunt
1867 1932 1989 2002 libelli
2005 1933 2053 2003 de
2067 1934 2214 2023 gabenu-

300 2110 463 2183 Tandem
495 2105 604 2195 igitur
625 2092 850 2174 Marchpom·
871 2102 1106 2192 respondetur
1129 2120 1189 2167 ve·
1239 2047 1336 2104 trone
1351 2031 1602 2107 Ecclesrarum.

199 2214 372 2293 retunde,
394 2206 458 2279 has
476 2210 519 2278 de
535 2203 682 2299 reliquis
700 2202 947 2273 controversiis
962 2201 1192 2271 deliberatio-

197 2342 261 2389 nes
276 2314 489 2387 dillerendas
507 2331 599 2393 esse,
620 2308 732 2375 donec
747 2330 765 2373 a
781 2302 1010 2396 Principibus
1034 2301 1072 2371 in
1094 2316 1192 2373 utra-

198 2445 267 2516 que
290 2431 387 2511 parte
408 2409 601 2483 sententiae
625 2410 668 2477 de
694 2408 872 2499 prioribus
896 2404 1054 2476 articulis
1077 2404 1192 2474 dictae

197 2536 330 2603 essent,
356 2519 400 2588 de
416 2514 546 2608 quibus
560 2509 717 2580 fortassis
739 2510 995 2580 collocutorum
1018 2506 1191 2576 iudicium

199 2623 314 2693 neutri
329 2608 579 2709 satisfaciat²⁸).

1338 2164 1433 2238 Cum
1445 2190 1530 2236 vero
1544 2165 1753 2258 Principum
1775 2166 1977 2239 sententiae
1998 2167 2143 2239 interae
2163 2192 2214 2239 nra

1239 2282 1484 2359 congruerent,
1511 2266 1716 2361 Imperator,
1733 2292 1779 2339 ne
1793 2270 1838 2339 de
1851 2292 1996 2339 summa
2014 2270 2067 2340 rei
2081 2270 2154 2363 ipse
2165 2284 2214 2341 tta-

1238 2386 1337 2441 tucre
1360 2372 1559 2457 videretur,
1590 2370 1806 2441 cardinalem
1828 2360 2089 2441 Cantennam
2109 2368 2214 2465 ipse¹)

1240 2470 1396 2548 sttlhibct.
1444 2472 1512 2541 llic
1528 2486 1568 2541 ut
1586 2468 1732 2542 honesto
1748 2486 1931 2565 praetextu
1948 2474 2142 2545 certamina
2155 2474 2217 2543 liui-

1242 2588 1384 2659 rentur,
1409 2573 1578 2666 proponit
1592 2574 1757 2666 scriptam
1771 2576 2007 2657 sententiam,
2033 2576 2073 2645 in
2096 2600 2161 2669 qua
2178 2578 2216 2647 ir·

1241 2679 1301 2746 bet
1324 2691 1433 2748 totam
1453 2678 1509 2745 rel
1530 2676 1702 2766 integram
1726 2700 1883 2746 caussam
1913 2678 2052 2747 servari
2076 2676 2218 2750 Romano

301 2789 381 2864 Etsi
392 2803 510 2859 autem
527 2798 583 2856 tot
605 2782 864 2853 controversiae
886 2780 1043 2875 reliquae
1067 2774 1193 2873 non²’)
1240 2779 1418 2869 pontifici,
1443 2802 1482 2848 ac
1498 2791 1590 2847 vetat
1608 2778 1646 2845 in
1662 2792 1838 2849 conventu
1853 2780 1898 2849 de
1915 2774 1975 2847 his
1989 2781 2099 2849 rebus
2112 2780 2219 2849 itenuu

202 2910 304 2971 erant
324 2896 539 2983 diremptae,
570 2900 692 2955 tamen
713 2871 857 2952 Caesar
878 2884 977 2953 iubet
1002 2885 1041 2951 in
1068 2896 1194 2952 senatu
1240 2880 1424 2969 disputari.
1474 2876 1524 2949 Et
1538 2880 1621 2971 quia
1637 2879 1752 2949 lucrat
1768 2880 1952 2950 contentia
1978 2882 2024 2949 de
2046 2882 2222 2951 conciliatis

203 2998 412 3089 Principum
428 2989 619 3061 sententias
635 2986 705 3057 dici
721 2985 884 3059 delibro.
932 2982 1002 3054 Hic
1023 2986 1095 3055 dux
1109 2979 1194 3053 Ba·
1242 2981 1400 3052 articulis
1413 2981 1643 3072 recipiendis,
1668 3003 1757 3074 quos
1779 2982 1876 3052 visus
1896 2996 1955 3052 est
1979 2996 2085 3053 antea
2097 2974 2223 3053 Conta-

203 3098 330 3174 cariat
355 3090 567 3167 Guilelmus
592 3090 715 3159 recitat
740 3089 784 3156 dc
808 3088 938 3178 scripto
961 3087 1103 3176 longam
1124 3085 1194 3155 cri·
1243 3106 1350 3152 rmus
1367 3107 1440 3151 non
1456 3083 1672 3173 improbare:
1698 3083 1871 3179 adductus
1893 3096 1947 3152 est
1968 3084 2225 3177 importunitate

201 3201 435 3277 minationem
453 3217 590 3277 eorum,
607 3191 669 3284 qui
685 3189 836 3280 amplexi
853 3202 936 3258 sunt
952 3185 1193 3278 Augustanam
1244 3182 1365 3270 lircii,
1398 3197 1439 3253 ut
1462 3184 1612 3254 alterum
1635 3184 1806 3275 scriptum
1828 3201 2071 3277 proponeret,
2104 3186 2141 3257 iu
2164 3210 2224 3281 quo

202 3303 470 3379 consessionem,
521 3293 660 3365 Deinde
686 3306 720 3362 et
740 3286 837 3359 hunc
856 3290 989 3361 librum
1010 3316 1029 3359 a
1046 3288 1194 3361 Caesare
1243 3290 1371 3355 diserte
1386 3287 1522 3378 inquit,
1547 3287 1641 3355 sede
1655 3286 1903 3356 conciliatione
1926 3310 2005 3357 non
2022 3290 2225 3379 pronuncia·

203 3411 363 3484 oblatum
395 3422 539 3495 prorsus
571 3395 697 3469 reiicit.
754 3390 882 3463 Censet
914 3392 1050 3462 nullam
1084 3391 1194 3460 ullius
1224 3414 1295 3473 .re,
1320 3412 1385 3457 nec
1400 3389 1550 3479 probare
1563 3411 1642 3471 eos,
1666 3388 1726 3457 sed
1747 3386 1952 3482 relinquere
1973 3389 2148 3461 iudicium
2162 3388 2226 3461 Ro·

204 3508 384 3603 opinionis
407 3500 659 3572 correctionem
684 3509 745 3567 aut
772 3494 1072 3580 moderationem,
1111 3493 1195 3562 nul·
1242 3516 1348 3560 tirrano
1369 3490 1539 3582 pontifici.
1596 3487 1827 3560 Mirabantur
1844 3490 1953 3561 multi
1973 3478 2227 3578 Caularem,

204 3616 274 3683 lam
298 3611 415 3698 legum
437 3600 697 3695 pontificiarum
722 3596 978 3685 mitigationem
1004 3593 1195 3664 admittcn-
1242 3618 1322 3663 cnm
1337 3605 1373 3661 et
1387 3591 1569 3661 doctrinae
1582 3586 1805 3661 Christianae
1825 3592 2070 3683 peritissimus
2090 3616 2162 3665 esse
2179 3594 2225 3663 di·

203 3719 286 3785 dam
311 3733 399 3778 esse:
437 3700 529 3773 nihil
550 3700 816 3771 concedendum
838 3696 1066 3781 adversariis,
1098 3697 1195 3790 quod
1242 3708 1397 3777 curetur,
1429 3707 1463 3762 ct
1494 3692 1662 3782 singulari
1688 3693 1858 3781 grauitate
1881 3707 1920 3763 ct
1942 3694 2082 3766 virtute
2103 3698 2226 3787 praedi·

77 3794 80 3809 ⁸
203 3816 377 3904 discrepet
392 3809 435 3877 ab
452 3803 590 3875 usitatis
610 3799 863 3893 opinionibus,
887 3813 947 3870 aut
967 3796 1195 3867 caeremoniis
1243 3811 1299 3866 tus
1325 3820 1399 3863 non
1421 3795 1530 3863 libere
1559 3794 1713 3885 profiteri
1730 3796 1824 3886 quod
1842 3794 2007 3869 sentiret.
2058 3794 2226 3868 Νιιιιιιιιιι

204 3930 419 3988 caeterarum
441 3906 638 3976 nationum.
694 3899 791 3971 Haec
813 3924 951 3971 summa
973 3899 1042 3969 fuit
1065 3898 1195 3968 oratio·
1244 3921 1367 3966 omnes
1384 3894 1579 3967 Christiani
1601 3910 1634 3964 et
1656 3895 1851 3985 intelligere
1869 3920 2108 3968 communem
2122 3896 2227 3969 Eran-

204 4019 262 4089 nis
278 4011 415 4087 domini
431 3998 681 4099 Guilelmi²⁸),
707 4003 763 4072 cni
786 4002 1069 4072 assentiebantur
1087 4000 1196 4091 pleri·
1243 4000 1326 4087 gelli
1342 3999 1539 4067 doctrinam
1555 3998 1699 4065 debent:
1716 4011 1792 4065 turn
1807 4022 1890 4067 vcro
1905 4000 2068 4071 maxime
2085 4000 2226 4095 illisqui

204 4146 273 4216 que
297 4115 569 4209 Episcoporum.
630 4105 707 4176 llos
738 4118 778 4175 ut
804 4106 1027 4174 confirmaret
1050 4097 1196 4187 Euius,
1245 4102 1374 4192 primas
1389 4100 1426 4167 in
1440 4096 1597 4168 Ecclesia
1617 4111 1739 4168 tenent
1765 4112 1799 4169 et
1825 4100 2094 4189 gubernatores
2113 4102 2225 4175 doctri·

202 4222 301 4293 misit
323 4220 366 4289 ad
393 4227 553 4284 senatum
578 4206 786 4298 Principum
820 4206 966 4275 brevem
999 4205 1196 4295 epistolam,
1244 4228 1307 4271 nac
1322 4226 1394 4270 csse
1409 4201 1551 4286 volunt,
1577 4201 1753 4284 convenit,
1779 4211 1898 4291 aperte
1910 4222 2018 4271 suam
2034 4204 2223 4276 sententian

205 4326 242 4393 in
258 4346 328 4417 qua
344 4318 520 4409 improbat
538 4313 688 4381 librum:
715 4332 753 4377 ac
769 4301 987 4401 testatur²⁰),
1012 4330 1194 4400 nunqnam
1242 4306 1437 4375 ostendere.
1471 4300 1543 4370 Nec
1563 4302 1747 4373 continent
1762 4301 1905 4372 articuli
1921 4304 2111 4379 conciliati
2124 4306 2224 4377 inanes

135 4460 138 4465 ·
206 4425 275 4496 sibi
296 4420 483 4514 placuisse,
507 4426 690 4507 propterea
714 4410 806 4502 qnod
833 4433 968 4477 errores
991 4409 1195 4477 nonlercn-
1244 4406 1415 4494 argrrtias,
1449 4404 1509 4472 sed
1534 4427 1590 4472 res
1610 4425 1772 4493 magnas,
1805 4416 1840 4473 et
1863 4400 2056 4477 Ecclesiae
2089 4430 2225 4479 neena-

205 4530 270 4597 ‹los
285 4524 496 4593 contineret:
524 4540 588 4584 nec
604 4513 641 4581 in
658 4512 837 4604 loquendo
854 4524 1059 4604 sequeretur
1073 4504 1194 4577 'l'heo-
1246 4508 1329 4576 rias:
1357 4520 1396 4575 ut
1410 4508 1453 4574 de
1471 4500 1596 4575 morho
1613 4504 1776 4594 originis,
1801 4506 1846 4573 de
1862 4505 2037 4579 libertate
2053 4508 2222 4583 voluntaria

206 4631 366 4717 iugorum
400 4617 546 4714 phrasin
578 4629 612 4685 et
644 4612 948 4684 consuetudinem.
1017 4607 1196 4681 Dicuntur
1244 4606 1437 4687 lnnnanae,
1477 4622 1510 4678 et
1537 4606 1605 4675 fide
1635 4606 1847 4677 iustificante
1877 4622 2033 4701 propter
2055 4606 2224 4695 Christum,

204 4726 396 4800 sententiae
413 4718 663 4790 moderatiores
686 4741 706 4785 a
725 4714 845 4803 legatis
862 4702 1094 4782 Colaar‘easis
1120 4713 1195 4803 epi·
1242 4712 1287 4779 dc
1305 4709 1498 4777 retinendis
1515 4707 1639 4777 officiis
1654 4706 1918 4800 Episcoporum
1940 4724 1979 4781 et
1995 4713 2150 4785 aliorum
2162 4734 2223 4805 gn·

1244 4818 1354 4881 «laianu
1372 4808 1709 4883 Ecclesiasticorurn.

206 4934 426 4960 Μ-

1344 4940 1414 5011 Scd
1439 4970 1508 5035 qno
1532 4943 1679 5011 consilio
1702 4966 1801 5009 stram
1828 4946 2053 5017 scrttentiam
2069 4940 2223 5021 Cantan-

180 5093 185 5103 '
239 5070 673 5143 estalantmeadosepraprta.
1246 5068 1314 5111 ritas
1338 5045 1538 5139 occultarit,
1572 5038 1662 5111 nihil
1688 5045 1731 5111 ad
1754 5066 1819 5111 nus
1845 5046 1995 5118 attinet:
2025 5052 2222 5121 seder-entus

239 5174 286 5240 26)
305 5168 390 5222 Peuc.
403 5159 513 5212 neutris
525 5155 690 5226 satisfaciet.

236 5261 283 5326 27)
302 5253 386 5307 Peuc.
406 5245 470 5298 Etsi
478 5250 576 5295 autem
589 5240 695 5292 multae
707 5238 912 5289 controuersiae
926 5240 1061 5288 nandum.
1247 5266 1451 5279 --Μ

235 5343 285 5403 98)
302 5338 359 5391 Pro
373 5336 449 5386 dam.
467 5327 541 5382 aaa.
559 5324 678 5381 Peuces:
697 5322 864 5377 Bassaricas.

223 5424 276 5494 ²9)
294 5419 384 5476 Μ’ΠῙ·
399 5415 574 5474 'mabam'-
1281 5408 1326 5475 30)
1347 5408 1404 5471 ipse
1417 5425 1474 5461 aaa
1490 5407 1569 5461 babet
1584 5406 1665 5462 Pero.
1754 5450 1758 5457 .
