4522 5752
14 107 141 211 [aaa
423 184 426 189 .
622 103 1063 217 rmsrossnnss
1110 110 1221 193 uro.
1249 109 1353 217 rut
1405 110 1542 189 1541.
1965 70 1968 75 ’
2029 111 2105 184 sm

42 314 122 369 ,ne
142 288 310 384 irnpniit,
344 299 388 361 nt
408 272 554 388 medem
574 283 712 378 aliquid
731 280 933 357 litterarum
957 279 1005 353 ad
1027 292 1062 352 te
1110 285 1216 355 etiam
1233 307 1342 377 rogo,
1366 297 1409 356 ut
1420 281 1555 357 Comiti
1570 276 1735 355 Antonio
1746 280 1920 373 longioris
1931 283 2101 374 temporis
2201 370 2204 375 Ι

13 422 17 429 ·
50 393 255 475 niumm.
304 387 490 462 Praedicat
503 386 599 459 enim
612 399 710 458 tuam
724 406 805 473 erga
818 381 1061 451 seobservan-
1110 409 1253 457 usuram
1276 385 1487 478 pollicearis.
1554 385 1680 471 Vides,
1718 386 1770 454 mi
1789 377 1910 468 Patre,
1950 384 2099 453 nonita

13 510 22 589 3
53 494 174 580 tiam,
190 503 379 576 renarrat,
402 513 475 559 sea
492 502 526 561 tc
542 487 757 580 impetrasse,
782 482 1061 574 rstepudiilium
1112 489 1241 558 multos
1253 510 1326 558 esse
1341 488 1479 558 nobiles
1500 482 1680 573 homines,
1714 488 1777 580 qui
1799 488 1939 556 faveant
1960 484 2099 570 litteris,

13 596 15 645 :
57 616 172 669 tunm
187 594 228 665 in
243 590 433 663 Academia
455 602 578 661 nostm
599 610 663 681 per
687 596 853 657 semestre
874 605 1062 653 mansurus
1110 613 1150 658 co
1170 589 1485 678 magismeliorum
1507 601 1537 660 et
1561 587 1742 658 saniorum
1766 586 1961 658 interillos
1980 586 2098 656 studia

14 694 130 770 “rim
180 695 279 767 Haec
301 686 393 761 mibi
414 691 527 761 oratio
545 689 761 782 periucunda
776 684 857 756 fuit.
906 681 1062 754 Maxime
1110 690 1213 759 nobis
1228 689 1414 759 retinenda
1428 701 1523 763 sunt.
1572 687 1754 759 Praeclare
1773 690 1819 759 de
1840 712 1913 780 rep
1933 699 2099 771 meretur,

24 798 168 867 ··enim
198 795 271 865 frui
300 792 428 864 iterum
457 804 517 861 tua
540 786 795 861 consuetudine
816 783 932 876 cupio.
990 782 1062 855 Sed
1078 822 1081 826 ·
1108 790 1269 885 quisquis
1284 784 1466 861 hominem
1482 788 1640 860 nobilem
1656 782 1771 860 vel'ad
1787 813 1943 861 amorem
1962 789 2099 859 littera-

63 919 217 969 nsnram
232 893 401 987 temporis
415 892 612 962 breviorem
627 888 733 960 nobis
746 884 936 979 polliceris,
955 908 1061 979 quam
1108 916 1189 961 rum
1208 892 1338 977 flectit,
1367 894 1425 962 vel
1447 893 1552 962 etiam
1574 891 1703 966 emdit.
1751 888 1845 962 Nam
1866 891 1941 961 eius
1961 889 2097 961 ordinis

65 1011 103 1069 et
121 1008 235 1088 egoet
249 992 379 1067 Comes
390 993 570 1067 vellemus.
620 983 717 1084 Mihi
733 990 764 1060 si
779 987 874 1080 apud
891 1000 926 1057 te
941 987 1062 1056 vivere
1109 1016 1177 1062 vox
1199 994 1352 1063 multum
1375 994 1415 1062 in
1432 1017 1506 1084 rep.
1523 991 1628 1062 valet.
1677 989 1816 1063 servies
1837 990 1945 1082 igitur
1968 992 2008 1059 in
2027 985 2097 1060 hoc

67 1098 205 1180 liceret,
230 1095 287 1165 vei
303 1093 342 1163 in
356 1091 556 1164 horridiore
570 1092 648 1161 loco
665 1090 728 1162 tali
745 1087 961 1172 conditione,
987 1109 1062 1155 non
1110 1116 1258 1164 numero
1272 1094 1506 1186 reipublicae,
1535 1093 1566 1162 si
1588 1107 1622 1165 et
1642 1093 1753 1185 patris
1775 1092 1995 1162 voluntatem
2016 1114 2097 1181 erga

12 1266 22 1279 ,
66 1222 185 1271 unum
198 1210 363 1267 semestre
379 1217 476 1265 meae
491 1192 678 1285 cupiditati
694 1190 877 1275 sufficeret,
900 1189 961 1258 sed
977 1181 1064 1258 hae·
1109 1206 1248 1266 nostras
1268 1195 1402 1266 litteras
1425 1207 1485 1265 tua
1500 1193 1664 1266 comitate
1681 1193 1926 1279 confirmabis,
1956 1205 1991 1263 et
2010 1194 2096 1262 ado·
2143 1215 2149 1228 ·

12 1366 19 1373 ,,
67 1323 187 1372 rerem
208 1297 304 1390 apud
324 1309 376 1380 te,
409 1295 579 1389 quamdiu
602 1293 861 1362 concederetur·
920 1287 973 1359 Te
992 1287 1062 1356 mi·
1110 1295 1270 1366 lescentis
1284 1295 1401 1367 studia
1416 1291 1598 1388 provehes.
1646 1290 1725 1385 Ego
1747 1318 1822 1364 non
1843 1307 1986 1386 propter
2005 1293 2096 1364 ullas

12 1416 24 1491 Γ
68 1425 131 1473 ror
151 1423 229 1471 non
251 1395 412 1493 polliceri
435 1396 539 1464 nobis
562 1393 886 1484 longiustempus,
918 1387 1063 1464 cumeis
1109 1395 1792 1491 privatasutilitates.ambieiinterdum
1813 1395 2098 1465 benevolentiam

12 1518 27 1577 'f
69 1500 267 1573 mrumsin
283 1522 325 1568 eo
342 1499 439 1582 loco,
463 1496 529 1566 ubi
544 1494 746 1565 nonsolum
763 1491 957 1562 amicorum
976 1512 1062 1560 con·
1110 1496 1311 1589 aliquorum
1332 1496 1408 1568 eius
1431 1496 1568 1568 ordinis
1590 1510 1626 1568 et
1644 1498 1776 1568 alicubi
1792 1490 2024 1589 Philosophia
2043 1519 2099 1564 sc-

12 1600 15 1607 ’
71 1602 242 1687 suetudo,
264 1600 323 1669 sed
340 1598 447 1669 etiam
461 1597 590 1666 artium
607 1594 823 1686 optimarum
836 1591 987 1662 varietas
999 1591 1063 1660 de-
1109 1598 1228 1667 verior
1247 1593 1505 1690 reprehendere
1522 1593 1613 1669 hanc
1629 1599 1858 1669 ambitionem
1874 1597 2011 1690 potuit,
2037 1598 2097 1665 sed

12 1694 24 1795 J
71 1704 185 1775 tinere
197 1696 375 1793 hospitem
390 1720 518 1788 magna
531 1694 941 1785 cnmvoluptatepotest.
973 1687 1064 1761 Car·
1111 1698 1265 1791 profecto
1287 1695 1512 1771 hortantum
1532 1700 1701 1792 spectavi,
1734 1712 1775 1770 ut
1795 1698 1878 1768 illos
1900 1698 2102 1780 invitarem,

12 1830 16 1877 ;
71 1804 222 1877 academ
234 1799 378 1896 quidem
392 1823 467 1869 non
483 1798 566 1882 diu,
591 1797 652 1879 sed
667 1793 976 1877 senemaudierat‚
999 1790 1064 1886 qui
1110 1812 1150 1870 ut
1166 1796 1378 1887 Ecclesiam,
1402 1816 1443 1873 ut
1460 1801 1593 1870 litteras
1611 1802 1720 1890 magis
1736 1801 2003 1892 respicerentur
2020 1812 2098 1869 tue-
2221 1796 2225 1803 ’

11 1894 20 1953 '-
37 1956 52 1999 .··
72 1905 138 1976 sibi
152 1904 237 1997 plus
252 1900 425 1994 profuisse
441 1922 518 1968 eam
535 1894 826 1968 consuetudinem
842 1893 960 1983 exigui
974 1904 1064 1962 tcm-
1108 1913 1243 1974 rentur,
1294 1898 1391 1971 Haec
1404 1901 1527 1992 scripsi
1543 1901 1706 1994 pluribus
1726 1901 1863 1986 verbis,
1894 1923 2000 1992 quam
2022 1901 2097 1968 sor.

11 1986 30 2093 i
70 2005 170 2101 poris
195 2002 379 2086 narrabat,
413 1998 572 2095 quamsi
593 1997 769 2067 minorem
792 1995 906 2065 multo
928 1991 1064 2065 diutius
1108 2015 1197 2072 tasse
1214 2025 1303 2093 opus
1315 2003 1423 2072 suerit
1436 2004 1531 2093 apud
1546 2017 1597 2086 te,
1621 2002 1678 2072 cui
1693 1998 1801 2072 huius
1818 2002 1927 2071 officii
1941 2002 2097 2070 rationes

69 2106 248 2182 audisset,
272 2105 369 2198 qued
385 2097 575 2171 vehemens
590 2097 772 2189 ingenium
786 2097 934 2166 florente
952 2106 1064 2164 aetate
1108 2126 1183 2172 non
1205 2117 1289 2173 aunt
1312 2103 1470 2191 ignotae,
1510 2104 1569 2173 sed
1593 2103 1692 2173 volui
1715 2103 1898 2173 ostendere
1923 2125 1980 2171 me
2004 2100 2095 2170 serio

11 2246 22 2267 ι
65 2207 141 2279 sibi
156 2204 271 2295 magis
286 2202 503 2275 indulsisset.
553 2200 657 2271 Senis
671 2210 787 2268 autem
804 2196 918 2266 oratio
941 2193 1065 2264 suisset
1109 2215 1241 2294 petere,
1272 2202 1454 2274 utComiti
1471 2192 1689 2293 gratificeris:
1723 2203 1824 2274 dabis
1839 2204 1944 2274 etiam
1959 2202 2095 2297 aliquid

11 2270 20 2403 i
64 2307 171 2380 velut
182 2304 352 2376 Nestorea
374 2303 514 2374 dulcior
532 2313 569 2370 et
588 2299 741 2390 gravior.
792 2294 891 2366 Idem
914 2295 982 2367 tibi
1005 2318 1065 2365 ac·
1108 2328 1204 2373 meae
1227 2303 1431 2394 cupiditati,
1468 2306 1540 2375 srui
1567 2305 1661 2374 enim
1689 2304 1942 2376 consuetudine
1969 2317 2030 2374 tua
2061 2317 2096 2371 et
2208 2323 2218 2331 ‘

64 2408 162 2481 cidit
185 2405 345 2477 audienti
366 2416 506 2474 nostros
521 2398 753 2471 Professores·
802 2396 914 2490 Saepe
931 2418 1009 2467 sum
1024 2396 1064 2464 in
1109 2405 1254 2497 quidem
1269 2406 1437 2476 diuturna
1454 2405 1558 2498 cupio
1574 2419 1694 2492 etoro,
1711 2403 1862 2477 aeneus
1876 2406 1992 2477 studia
2008 2406 2096 2474 ado.

63 2500 283 2600 Principum
308 2504 550 2575 conventibus.
610 2496 725 2569 Video
749 2495 953 2569 Senatorios
977 2519 1064 2566 ⁰011·
1109 2505 1270 2576 lesccntis
1285 2518 1319 2578 et
1334 2506 1481 2576 consilia
1497 2506 1606 2599 patris
1621 2520 1656 2577 ct
1670 2519 1729 2577 tua
1744 2508 1927 2596 gubernet.

64 2632 188 2681 sessus
204 2619 388 2696 augustos,
410 2606 471 2674 sed
487 2602 643 2696 proiecto
660 2624 733 2670 non
749 2601 905 2669 antefero
921 2619 981 2667 eos
996 2620 1064 2665 no·
1208 2602 1262 2675 De
1279 2614 1450 2676 conventu
1475 2631 1610 2692 coram,
1640 2620 1682 2679 ut
1703 2631 1825 2699 spero,
1852 2609 2096 2701 colloquemur

67 2710 155 2783 stris
176 2702 420 2797 'congressibus
446 2717 481 2775 et
504 2701 822 2792 disputationibus,
861 2699 925 2769 ubi
950 2697 1064 2766 maior
1109 2707 1148 2774 in
1162 2704 1372 2793 Academia,
1401 2708 1466 2778 ubi
1487 2722 1624 2779 tantum
1648 2709 1747 2779 locus
1764 2723 1816 2779 cst
1830 2702 2095 2801 philosophicae

68 2825 124 2882 est
142 2810 321 2881 bonarum
343 2806 474 2876 artium
496 2805 645 2874 varietas
668 2815 704 2874 et
725 2798 854 2872 veritas
881 2797 1064 2893 quaeritur
1108 2808 1273 2883 libertati.
1321 2804 1513 2879 Exhibitus
1535 2823 1587 2881 est
1607 2811 1713 2879 nobis
1732 2804 1792 2879 hic
1814 2809 1859 2878 ab
1882 2808 2096 2900 imperatore

69 2911 208 2981 maiore
231 2910 382 2978 candore
407 2921 441 2977 et
463 2903 539 2975 sine
562 2898 763 2994 sophistica.
814 2899 885 2972 Sed
900 2901 943 2969 de
960 2892 1064 2968 scho-
1108 2896 1250 2994 Curato
1263 2905 1422 3000 Augusto
1438 2911 1546 2997 liber,
1574 2935 1678 3004 quem
1694 2911 1856 2981 serebant
1870 2934 1910 2980 eo
1926 2909 2095 3001 scriptum

70 3010 206 3084 laeticie
234 3024 270 3081 et
292 3008 396 3098 regiis
419 3005 662 3094 congrfissssibus
687 3003 787 3094 Plura
808 3001 942 3086 dicam,
983 3022 1063 3068 ⁰⁰¹⁰
1109 3031 1199 3093 esse,
1229 3023 1271 3081 ut
1283 3011 1454 3103 quaedam
1472 3012 1530 3103 pia
1542 3011 1785 3082 moderatione
1799 3011 1938 3082 tolleret
1953 3024 2094 3081 contro-

71 3137 145 3183 una
161 3109 304 3183 erimus.
354 3107 445 3178 Nam
465 3102 524 3175 hie
544 3128 687 3198 quoque
709 3117 870 3194 expertus
890 3124 968 3171 sum
989 3113 1064 3169 stu·
1109 3108 1249 3180 versias.
1306 3109 1473 3200 Legimus
1497 3126 1533 3182 et
1556 3112 1710 3182 diximus
1740 3124 1878 3182 nostras
1905 3111 2096 3181 sententias

70 3216 175 3284 dium
190 3210 346 3281 veritatis
360 3208 475 3278 maius
494 3230 567 3276 esse
583 3206 621 3274 iu
639 3200 769 3274 scholis
784 3227 890 3297 quam
914 3203 953 3271 in
977 3223 1064 3270 con·
1110 3233 1184 3280 non
1205 3222 1318 3281 astute
1338 3213 1399 3280 sed
1422 3213 1587 3284 candide,
1649 3208 1766 3282 Erant
1792 3211 1887 3282 enim
1910 3212 1961 3279 ibi
1983 3209 2095 3278 multa

71 3313 251 3386 ventibus.
300 3306 423 3382 Redeo
444 3310 489 3377 ad
503 3303 656 3378 Comitis
677 3304 886 3378 orationem.
935 3298 1063 3371 Multis
1108 3310 1272 3402 ambigue
1293 3311 1421 3401 scripta
1443 3312 1598 3382 s0frassis
1623 3335 1698 3382 non
1719 3313 1813 3383 malo
1834 3304 1965 3386 anima,
2024 3310 2095 3382 sad
2180 3318 2185 3329 ·

72 3413 189 3486 fflussiss
202 3423 384 3495 movetur,
415 3420 457 3479 ui
476 3421 513 3480 ¹⁰
534 3406 739 3499 immiitere
761 3404 902 3495 ¹⁰¹¹di¹¹⁸
925 3414 1064 3493 ie¹1¹1)us
1109 3425 1228 3482 tamen
1243 3408 1544 3485 Ecclesiisutilius
1559 3427 1610 3485 est
1623 3406 1740 3483 dicere
1752 3407 1916 3503 scapham
1929 3407 2094 3505 scapham

72 3528 141 3586 aut
155 3513 280 3583 saltem
300 3533 433 3580 annum
456 3509 586 3598 cupiat·
634 3504 727 3577 Cum
747 3505 842 3574 enim
865 3503 958 3574 filim
979 3525 1063 3593 Ρΐθ·
1109 3514 1263 3585 ellicum
1278 3514 1393 3582 ficum.
1436 3512 1540 3585 Nunc
1562 3528 1782 3606 expectamus
1804 3515 2094 3587 deliberationem

72 3617 132 3687 tul
156 3614 263 3682 domo
283 3608 554 3692 miliendfflsiis
581 3606 776 3699 Plurimum
798 3607 905 3676 referi
929 3601 1063 3673 diutim
1110 3612 1334 3707 imperatoris
1359 3605 1495 3686 Caroli
1519 3618 1561 3685 de
1582 3619 1706 3685 eodem
1731 3617 1834 3688 libro.
1892 3613 1946 3685 De
1968 3616 2097 3685 nostris

70 3715 168 3809 apud
183 3736 265 3783 enm
279 3711 411 3781 versari
424 3705 607 3780 hominem
625 3721 760 3780 notum.
812 3704 984 3798 Siprimo
1008 3723 1064 3773 ³⁶-
1108 3715 1291 3787 sententiis
1315 3713 1539 3807 imperatoris
1568 3717 1726 3787 animum
1756 3729 1922 3786 notuma
1952 3716 2096 3786 saevitia

70 3813 197 3887 mestri
229 3813 346 3882 statim
381 3810 603 3906 quaerendus
634 3809 702 3878 erit
733 3807 824 3878 alius
859 3818 1064 3898 praeceptor
1108 3811 1298 3886 abhorrere
1314 3815 1450 3898 iudico,
1485 3830 1518 3887 et
1538 3817 1679 3888 videtur
1702 3841 1845 3908 cupere,
1876 3812 2095 3888 utEcclesiis
2130 3819 2139 3836 '

70 3921 217 4009 ignotm
237 3912 468 3997 adolescenti,
509 3921 677 4003 quantam
706 3907 969 3980 solicitudinem
996 3928 1063 3998 pa·
1108 3940 1190 3986 vere
1206 3917 1421 3993 consulatur.
1469 3917 1540 3989 Sed
1555 3918 1671 4002 vides,
1703 3919 1765 4012 qui
1781 3919 1976 4011 impediant
1996 3917 2096 3987 mitia
2226 3912 2229 3917 ’

70 4016 256 4098 rentibus,
287 4026 454 4107 quantam
476 4010 674 4081 molestiam
695 4009 761 4102 ipsi
781 4007 994 4078 adolescenti
1011 4005 1063 4076 al·
1108 4033 1143 4115 et
1156 4018 1215 4109 pia
1230 4018 1389 4092 consilia.
1437 4016 1552 4089 Deum
1575 4043 1734 4102 oremus,
1765 4033 1855 4089 utet
1872 4018 2108 4109 Imperatoris.

69 4121 190 4191 latura
216 4115 262 4185 til
281 4115 429 4184 mulatio
454 4114 515 4182 iiia
539 4132 799 4203 Praepfflpeffls'
830 4109 933 4178 facile
964 4119 1063 4199 P0¹0⁸
1108 4119 1267 4189 animum
1296 4120 1487 4209 gubernet,
1527 4135 1560 4190 et
1581 4118 1774 4189 Ecclesiam
1797 4145 1895 4190 suam
1920 4121 2097 4203 defendat,
2179 4154 2184 4161 ·

71 4219 242 4291 indicare·
295 4213 369 4286 Nec
391 4209 549 4292 Achilles
579 4211 724 4304 quidem
751 4233 871 4281 tame
896 4203 1064 4279 Phffli⁰i³
1107 4232 1233 4310 augeat
1247 4232 1280 4290 et
1294 4233 1417 4295 servet.
1467 4218 1565 4291 Bene
1580 4220 1675 4307 vale,
1706 4217 1845 4297 Ratisb.
1863 4220 1972 4296 1641.

68 4316 329 4392 consuetudine
345 4316 471 4409 potuit.
513 4310 613 4402 Quid
629 4325 699 4381 tam
714 4323 833 4382 tenera
849 4321 960 4380 aetate
974 4311 1063 4379 ado-

26 4430 29 4435 '
69 4425 207 4495 tacens
223 4416 349 4488 faciet?
378 4441 451 4509 quo
473 4413 594 4484 animo
614 4412 727 4483 seret?
759 4411 790 4482 si
810 4424 869 4497 tn,
897 4411 958 4482 cui
977 4410 1063 4480 sciet

69 4532 260 4615 saepsere
274 4519 559 4589 commendatum
575 4536 665 4598 esse,
698 4534 874 4607 quemque
889 4509 961 4581 iam
982 4512 1061 4581 ioco
1106 4534 1174 4610 No·
1187 4531 1300 4608 2250·
1948 4552 1979 4612 ¹·
2000 4540 2068 4609 lun·

67 4623 183 4720 patris
196 4621 383 4691 observare
396 4616 540 4701 didicit,
571 4628 644 4687 tam
658 4614 728 4685 cito
748 4613 957 4687 discesseris.
1008 4608 1062 4682 Ac
1113 4630 1285 4667 W
1340 4630 1344 4637 ·
1930 4636 2093 4663 ..w-.-

68 4721 192 4797 visisti
222 4734 262 4792 tu
293 4718 438 4813 quidem
470 4731 574 4788 antea
607 4714 769 4785 Hernicis
801 4713 964 4798 familiis,
996 4734 1063 4784 nes
1276 4723 1442 4840 Legati
1459 4721 1571 4810 sax·
1595 4722 1659 4809 ad
1673 4725 1924 4812 Hectorem·

69 4831 214 4920 ignoras
230 4822 268 4891 in
281 4820 354 4890 illis
367 4833 488 4890 tenera
501 4830 613 4889 aetate
628 4816 749 4888 omnia
770 4815 877 4908 plena
896 4837 970 4885 esse
991 4809 1062 4886 hu·

67 4922 276 5041 maritatis,
302 4919 418 5040 etqui
433 4919 634 5039 talesosunto,
666 4918 857 5038 aegerrime
875 4915 1061 5036 patiuntur
1206 4966 1374 5024 helvisae.
1387 4968 1488 5038 Regias.
1548 4968 1598 5026 tot.
1646 4969 1734 5027 ,vot
1746 4970 1768 5025 Ι.
1790 4989 1817 5045 p.
1826 4973 1888 5028 445·
1904 5007 1939 5019 -
1972 4972 2092 5048 ΕΜ.

68 5054 144 5101 ase
158 5024 419 5097 aveilsamreos.
469 5019 547 5092 Scrs
570 5033 675 5092 enam
699 5041 824 5110 prrmrs
846 5019 974 5089 studus
993 5017 1060 5088 ob-
1122 5046 1125 5051 ·
1208 5056 1238 5091 a
1252 5048 1327 5120 psrte
1340 5039 1505 5091 amerius
1518 5039 1606 5105 aqna
1619 5038 1719 5110 scripu
1734 5049 1789 5111 ess,
1811 5042 1981 5112 potissimum
1999 5048 2093 5103 omnia

7 5162 14 5170 ·
67 5152 144 5202 esse
163 5126 303 5197 crebras
324 5121 537 5193 mutationes
553 5120 767 5195 docentium.
820 5116 913 5190 Tam
926 5118 1059 5207 multae
1204 5104 1792 5255 ffissffigerg·hftsppffpliqqfdpqqqq
1811 5109 1966 5230 ffiffl
1979 5116 2094 5239 msa

38 5241 43 5247 “
66 5229 238 5303 honestae
254 5246 378 5297 causae
399 5244 481 5294 mm
503 5235 736 5311 concurrant,
767 5234 803 5294 te
824 5220 931 5293 etiam
952 5229 1059 5315 atque
1206 5260 1370 5299 censimus

1173 4903 1194 4969 †
1210 4899 1249 4954 Ex
1262 4902 1395 4973 scriptura
1408 4900 1496 4973 prima
1520 4899 1653 5024 cmii)
1667 4900 1714 4955 rr.
1722 4900 1893 4958 Borcirbsrdi
1906 4906 1934 4961 in
1948 4907 2024 4963 Actis
2036 4909 2092 4964 Ta·
