4522 5752
104 230 182 305 ns
665 168 1105 301 nersronaruu

1158 220 1269 303 Lm.
1305 222 1408 333 un.
1459 222 1594 306 sset.
1685 194 1691 199 ’
2034 212 2146 310 'ors
2251 170 2257 179 ¹

103 399 325 499 gensericus
348 402 521 494 gubernet
542 412 686 495 pectora
710 398 932 492 principum,
963 409 1004 468 ut
1023 404 1104 467 tanL
1154 374 1357 489 diligentiae
1376 409 1456 468 tuae
1477 424 1605 472 nervos
1629 403 1803 479 intendas.
1853 402 2069 494 Benevale,
2086 409 2157 481 die-

104 509 197 577 dcrn.
206 517 244 577 ct
255 505 408 597 patriam
423 518 458 577 et
473 503 588 574 socios
601 503 792 575 defendere
806 498 991 591 incipiant.
1027 495 1104 593 Ty·

104 628 244 679 rannus
261 606 434 677 'l'urcicus
448 628 628 699 repressus
651 618 704 675 est
722 605 763 673 in
778 597 989 685 Thraciam,
1020 624 1104 692 pro-

104 722 228 803 pterea
259 710 357 803 quod
381 709 574 802 imperator
596 699 760 778 Carolus
782 704 912 781 invasit
935 697 1104 775 Africam.

103 806 238 885 Factae
249 825 334 882 sunt
348 834 428 883 cum
440 832 522 900 rege
536 801 784 879 Ferdinando
800 830 863 900 per
877 800 1031 875 hiemem
1047 804 1104 873 in-

103 912 253 999 duciae,
283 936 374 1006 quae
390 909 519 983 Turris
534 936 575 983 eo
591 912 737 983 buerunt
759 908 989 1001 expetendae,
1020 905 1105 999 quia

103 1015 151 1089 in
170 1011 355 1105 Hungaria
381 1029 513 1087 vastata
536 1038 612 1084 non
635 1014 751 1106 potuit
774 1011 845 1080 iam
866 1010 1027 1102 ipsorum
1055 1007 1105 1079 ali
1153 1024 1350 1124 Nm'2390·

105 1108 294 1192 exercitus.
343 1114 442 1187 Bene
459 1116 553 1191 vale.¹
598 1113 667 1186 Die
683 1115 719 1188 8.
734 1109 916 1185 Octobris.

618 1244 809 1340 Philippus
825 1237 1050 1316 Melantbon.

943 1690 1001 1753 12.
1020 1681 1093 1748 Oct.

931 1772 1103 1821 w

119 1682 193 1758 No.
208 1684 322 1755 2589.

100 1781 330 1843 'm

370 1902 374 1907 ·
463 1865 520 1951 N.
545 1858 753 1951 Medlero.

92 2018 100 2025 ¹
181 2060 221 2117 Ex
235 2078 329 2132 apogr.
340 2059 369 2113 in
384 2059 446 2115 cod.
459 2058 524 2115 Bac.
538 2056 601 2115 Vol.
614 2018 648 2112 ll.
662 2076 688 2129 p.
698 2055 759 2112 818.
773 2056 891 2129 primum
904 2075 919 2111 a
932 2057 1108 2113 Zacheicbse-

63 2121 66 2138 ’
117 2144 120 2149 ’
216 2129 256 2184 lio
276 2131 347 2182 edita
365 2128 395 2181 in
415 2130 442 2183 d.
458 2128 563 2184 Unscb.
584 2128 684 2183 Nacbr.
704 2143 748 2180 an.
763 2126 839 2180 1789.
862 2144 888 2197 p.
902 2126 962 2181 268.
1005 2126 1108 2180 lterum

147 2206 150 2211 '
215 2196 356 2337 :AEzp'zio
375 2214 419 2269 ep.
434 2198 460 2253 9.
484 2229 522 2241 -
563 2197 647 2253 Nunc
663 2215 695 2251 er
711 2194 810 2249 eodem
830 2194 894 2251 cod.
914 2207 1041 2251 accurate
1059 2196 1120 2250 de·‘

110 2436 286 2538 Egregia
314 2439 450 2539 pietate
483 2447 515 2510 et
548 2435 717 2511 doctrina
747 2435 917 2537 praedito
941 2435 1109 2511 Domino

109 2542 156 2615 N
163 2540 259 2614 icol
266 2567 320 2612 ao
345 2539 404 2612 M
408 2537 564 2613 edlero
588 2539 750 2612 Ductori
762 2534 1008 2635 Theologe'ae,
1041 2537 1108 2612 do-

137 2645 235 2719 centi
251 2643 504 2741 Evangelium
521 2643 561 2714 in
575 2639 747 2714 Ecclesia
764 2638 1083 2739 Nuumburgensi,

435 2767 554 2816 amico
567 2771 638 2816 sno
660 2768 790 2815 cansa

111 2876 230 2969 S·'D.
280 2894 377 2968 Deus
399 2896 492 2966 adsit
507 2894 716 2988 Principum
730 2893 933 2967 Conventui
945 2894 969 2992 ¹)
993 2911 1028 2967 et
1049 2921 1107 2968 eo·

111 3024 196 3068 rum
216 2999 364 3070 consilia
385 3000 569 3088 gubernet.
619 2995 670 3069 Ut
690 3012 806 3068 autem
831 3011 864 3068 et
885 2996 1040 3068 Lazarus
1063 3000 1109 3068 sit

111 3101 276 3171 intanta
299 3101 516 3193 frequentia,
548 3099 646 3170 venit
669 3100 748 3169 istic
757 3096 787 3189 ²)
809 3122 915 3167 senex
936 3103 1108 3186 sacerdos,

113 3224 241 3272 coecus
259 3216 294 3272 et
311 3226 460 3292 pauper,
486 3203 529 3270 de
546 3202 618 3270 suis
636 3216 669 3271 et
687 3203 732 3269 de
748 3198 905 3269 Ecclesia
921 3201 1012 3271 bene
1030 3227 1107 3270 me-

113 3305 217 3376 ritus.
268 3302 385 3372 Habet
410 3301 600 3373 aDomino
618 3301 771 3372 Doctorc
786 3297 965 3372 Martiae
988 3305 1107 3374 literas

112 3407 160 3474 ad
182 3403 318 3475 Ducem
339 3399 568 3473 Mamilium
580 3400 620 3497 ³).
677 3401 754 3493 Ego
778 3417 871 3473 certa
880 3403 910 3498 ⁴)
936 3406 981 3474 de
1004 3428 1107 3475 causa

113 3506 241 3598 scripsi
269 3506 315 3577 ad
337 3505 381 3578 D.
404 3497 449 3572 F
444 3504 647 3574 runciscnm
659 3501 687 3598 ⁵)
713 3504 973 3575 (laricellarium
996 3503 1108 3577 Ducis

111 3605 312 3691 Electoris,
338 3607 400 3699 qtsi
417 3608 447 3673 si
462 3632 535 3675 non
550 3607 679 3686 aderit,
713 3607 832 3675 literas
854 3610 915 3674 des
935 3607 1042 3677 alicui
1063 3631 1105 3677 ex

112 3710 260 3779 caeteris
279 3708 489 3778 consiliariis
501 3706 687 3777 Electoris.
701 3756 705 3767 ·
725 3706 775 3777 Et
787 3721 828 3777 ut
842 3709 1021 3796 negotium
1038 3704 1107 3778 hu-

112 3812 170 3880 ius
192 3808 317 3880 Lazari
342 3811 474 3887 maiore
505 3809 689 3896 diligentia
721 3821 754 3877 et
781 3810 966 3879 sedulitate
996 3832 1107 3894 cures,

111 3913 223 4003 legito
255 3912 330 4002 ipsc
363 3910 482 3980 literas
517 3913 562 3978 ad
595 3907 640 3986 D.
673 3902 915 3980 Franciscum
949 3911 1106 4002 scriptas

111 4014 219 4102 lingo
235 4027 275 4082 ut
292 4008 386 4082 hunc
405 4013 571 4079 miserum
589 4034 706 4079 senem
723 4012 893 4100 excipias,
929 4026 962 4081 et
985 4012 1017 4081 ei
1041 4008 1106 4081 ho-

111 4114 262 4206 spitium
279 4137 442 4207 quaeras,
467 4114 653 4205 ipsumque
669 4114 712 4180 ad
730 4112 845 4181 aulam
863 4126 1021 4182 nostram
1039 4116 1106 4183 du-

111 4238 183 4305 cas.
217 4212 438 4285 Scio'aulicis
453 4208 516 4283 has
532 4213 833 4304 interpellationes
847 4205 1002 4302 ingratas
1017 4238 1105 4299 esse3

111 4319 176 4386 sed
191 4315 231 4409 in
244 4339 283 4384 re
296 4316 488 4385 necessaria
504 4315 668 4407 pauperis
681 4335 800 4384 caussa
817 4315 915 4385 decet
931 4314 1106 4407 suscipere

111 4416 307 4491 molestias.
369 4416 441 4487 Tot
471 4417 542 4485 iam
569 4441 682 4487 annos
704 4416 896 4507 negligitur
916 4411 975 4485 hic
1002 4438 1106 4485 senex

111 4518 327 4591 sacerdos'et
339 4519 429 4587 bene
446 4518 612 4602 meritus,
642 4530 684 4586 ut
698 4516 832 4587 ferreus
848 4515 911 4602 sit,
944 4516 1008 4610 qui
1031 4517 1106 4588 cius

112 4618 314 4690 calamitate
331 4610 620 4695 non'adficiatur.
669 4612 773 4710 Rogo
796 4631 837 4689 ut
856 4618 1049 4690 industriae
1072 4633 1106 4690 et

121 4990 176 5067 ⁸1)
193 4984 256 5057 tte.
270 4972 347 5065 'epae
360 4982 393 5049 εἰ
407 4984 511 5046 neca.
524 4990 552 5047 a.
564 4990 591 5045 ι.
606 4988 671 5045 oa.

144 5080 178 5144 2)
197 5076 320 5135 Zerbin
333 5074 372 5132 U.
383 5076 419 5131 N.
432 5076 577 5130 mendose:
598 5076 625 5129 is
638 5078 692 5128 hic.

145 5164 176 5232 8)
192 5161 266 5229 Haec
277 5160 387 5223 Lethes}
401 5159 513 5232 epistola
528 5174 584 5211 non
596 5158 694 5229 legitur
706 5157 735 5211 in
748 5175 812 5231 opp.
825 5156 945 5215 butberi·

145 5251 175 5318 d)
182 5245 277 5369 ald&
289 5245 320 5301 in
331 5245 369 5302 U.
379 5244 515 5312 Kressa,
535 5260 690 5316 perperam
706 5242 812 5314 Dana,
829 5242 922 5299 nescio
936 5261 994 5314 our,
1006 5240 1105 5301 edidis:

101 5366 107 5373 -
146 5400 178 5466 6)
195 5333 283 5453 Elian
297 5398 368 5454 bane
380 5370 457 5470 epist.
468 5366 600 5452 Melentb.
614 5412 671 5449 non
685 5386 842 5457 babemus„

1157 500 1214 574 12.
1232 494 1419 588 Octobris,
1445 514 1540 573 anno
1560 500 1670 581 1541.

1500 630 1504 635 ’
1759 637 1854 714 Phil.
1870 641 2095 717 Melanthea.

1247 882 1627 893 w·—

1981 1072 2038 1133 sa.
2057 1065 2129 1129 Oet.

1970 1154 2142 1186 m

1372 1232 1547 1320 Abbati
1566 1234 1934 1324 Heilsbronnense'.

1160 1146 1333 1195 ΨΑ*

1154 1394 1162 1405 ’
1224 1413 1309 1488 epac.
1325 1414 1374 1470 ιιι.
1389 1415 1436 1470 ιιι.
1455 1434 1482 1487 p.
1499 1416 1604 1487 seseq.
1631 1415 1874 1485 (educantur.
1889 1419 1936 1473 ιιι.
1955 1422 2065 1494 ομιτ.)

1266 1568 1321 1647 D.
1347 1567 1567 1642 Iohanni
1590 1566 1741 1643 Abbati
1757 1572 1797 1644 in
1823 1573 2039 1651 Heilsbrnn.

1158 1682 1201 1774 S.
1224 1702 1270 1780 D.
1320 1704 1498 1778 Homerus
1527 1720 1647 1778 narrat
1676 1706 1811 1803 Ulyssis
1840 1710 1953 1782 socios
1983 1728 2149 1791 mactasse

1158 1809 1266 1878 boves
1290 1807 1403 1894 Solis,
1444 1822 1479 1879 et
1510 1832 1632 1878 carnes
1658 1810 1769 1880 boum
1799 1824 1907 1881 tostas
1929 1808 2150 1895 horribiliter

1158 1910 1334 2000 mugiisse',
1358 1923 1398 1979 ut
1413 1911 1576 2003 prodigio
1592 1925 1822 1982 monerentur
1838 1915 2008 2006 sacrilegi,
2034 1944 2148 2012 quan-

1158 2028 1235 2085 tum
1259 2014 1372 2082 scelus
1392 2014 1438 2082 sit
1456 2013 1610 2104 diripere
1632 2014 1727 2083 hona
1749 2017 1792 2083 ad
1808 2039 1925 2085 sacros
1941 2043 2024 2093 usus
2041 2023 2148 2092 desti.

1159 2129 1253 2199 nata,
1278 2139 1318 2184 ac
1331 2128 1448 2205 postea
1461 2110 1628 2184 authores
1639 2116 1720 2184 lacti
1734 2141 1856 2186 omnes
1867 2121 2052 2210 naufragio
2066 2130 2156 2212 pcr-.‘

1160 2217 1252 2289 iisse.
1295 2215 1377 2284 Nun
1394 2218 1541 2285 obscura
1558 2229 1609 2287 est
1624 2218 1774 2306 exempli
1789 2217 2007 2306 significatio.
2047 2225 2148 2311 Qucu-

1159 2319 1266 2387 modo
1287 2319 1391 2388 bonis
1405 2315 1643 2388 Ecclesiarum
1667 2319 1787 2387 sniiltis
1808 2321 1880 2388 iam
1897 2324 2043 2393 saeculis
2059 2323 2148 2418 Epi-

1159 2418 1259 2512 scopi
1272 2433 1306 2489 ct
1322 2443 1420 2490 nunc
1433 2416 1604 2490 Centauri
1619 2420 1828 2505 abutantur,
1856 2446 1930 2491 non
1946 2438 1998 2496 est
2021 2428 2149 2499 obscu-
2242 2482 2250 2499 .

1158 2546 1255 2591 rum:
1290 2524 1349 2603 sed
1374 2545 1507 2613 poenae
1532 2521 1636 2591 etiam
1652 2521 1690 2588 in
1707 2537 1895 2613 conspectu
1910 2540 2002 2597 sunt.
2053 2526 2148 2600 Lau-

1160 2624 1277 2693 danda
1293 2637 1345 2693 est
1361 2623 1469 2713 igitur
1485 2623 1594 2713 pietas
1612 2636 1691 2708 tua,
1722 2627 1819 2715 quod
1840 2627 1885 2694 de
1908 2628 1979 2696 tuis
2001 2631 2148 2701 faculta-

1160 2726 1255 2795 tibus
1277 2727 1377 2796 iuvas
1399 2720 1696 2797 Scholasticorum
1722 2726 1856 2811 studia,
1895 2730 1958 2820 qui
1979 2728 2149 2804 Ecclesiis

1160 2828 1242 2897 usui
1262 2828 1374 2897 luturi
1395 2841 1489 2900 sunt.
1539 2824 1611 2896 Nec
1632 2825 1758 2896 dubito
1776 2827 2018 2918 mitigaturum
2032 2830 2149 2905 Deum

1160 2952 1233 2998 esse
1268 2952 1397 3021 poenas
1435 2926 1594 3018 publicas
1627 2942 1771 3020 propter
1810 2954 1909 2999 suam
1943 2930 2147 3010 Ecclesiam.

1159 3029 1283 3099 Parcet
1308 3030 1419 3120 igitur
1442 3029 1535 3112 illis,
1575 3030 1639 3123 qui
1668 3031 1790 3101 iuvent
1812 3027 1990 3105 Ecclesiae
2017 3030 2149 3121 studia,

1158 3131 1249 3202 sicut
1278 3132 1316 3200 in
1347 3131 1482 3202 excidio
1503 3129 1772 3225 Hierosolymae
1802 3136 1959 3223 pepercit
1983 3137 2047 3224 iis,
2075 3142 2149 3232 ⁸qui

1156 3231 1357 3303 Hieremiae
1389 3235 1606 3314 servierunt,
1645 3245 1686 3302 ut
1719 3233 1833 3304 aulico
1862 3231 2046 3330 Aethiopi,
2086 3244 2148 3335 qui

1157 3335 1362 3405 nominatur
1378 3329 1636 3419 Abdemelech.

1254 3462 1319 3538 Est
1343 3482 1460 3539 autem
1482 3462 1541 3537 hic
1559 3467 1761 3539 adolescens
1774 3463 1949 3542 Francus
1963 3469 2147 3547 Nicolaus

1156 3571 1350 3641 admodum
1365 3571 1461 3640 bono
1476 3583 1511 3639 et
1524 3570 1683 3641 modesto
1700 3571 1842 3661 ingenio
1857 3576 2054 3666 praeditus,
2077 3577 2149 3649 La-

1156 3671 1231 3741 tine
1253 3673 1344 3742 bene
1365 3672 1545 3765 loquitur,
1576 3696 1617 3742 ac
1632 3666 1883 3766 Philosophiae
1904 3673 2090 3750 Elementa
2113 3694 2148 3753 et

1156 3773 1355 3844 doctrinam
1376 3769 1615 3844 Christianam
1645 3775 1756 3865 probe
1774 3776 1913 3848 didicit.
1972 3778 2147 3871 Magnum

1156 3888 1275 3945 autem
1298 3875 1476 3966 specimen
1508 3888 1561 3945 est
1589 3870 1756 3946 honestae
1781 3880 1928 3965 mentis,
1967 3885 2064 3974 quod
2087 3908 2148 3953 or-

1156 3977 1259 4046 batus
1290 3977 1496 4070 parentibus
1529 3977 1783 4068 patrimonium
1816 4003 1920 4050 suum
1946 3985 2073 4054 studiis
2099 3985 2145 4055 li-

1156 4091 1312 4148 terarum
1339 4077 1525 4168 impendit.
1592 4075 1713 4166 Quare
1743 4103 1896 4173 aequum
1924 4098 1994 4174 est,
2040 4085 2145 4159 vicis.

1156 4179 1222 4248 sim
1248 4204 1328 4250 eum
1349 4180 1394 4248 ab
1415 4176 1593 4269 Ecclesia,
1627 4179 1685 4247 cui
1707 4181 1787 4249 usui
1811 4206 1885 4253 esse
1905 4186 2054 4274 poterit,
2087 4189 2147 4259 iu-

1156 4281 1243 4353 vari.
1295 4277 1406 4349 Valde
1428 4280 1535 4368 igitur
1556 4292 1588 4348 te
1611 4303 1692 4365 oro,
1718 4295 1758 4352 ut
1781 4290 2145 4361 eumnonsolumin
2247 4308 2253 4317 '

1155 4380 1353 4470 Collegium
1376 4394 1478 4451 tuum
1497 4379 1665 4471 recipias,
1695 4385 1754 4452 sed
1780 4386 1885 4455 etiam
1906 4391 2067 4461 exerceri·
2082 4415 2145 4462 cu-

1156 4507 1227 4568 res,
1252 4496 1287 4552 et
1301 4481 1492 4576 aliquando
1511 4484 1554 4550 ad
1570 4478 1762 4552 Ecclesiam
1780 4486 1933 4580 aliquam
1948 4492 2143 4563 docendam

1155 4579 1340 4677 provehas.
1390 4583 1502 4674 Spero
1523 4606 1638 4653 mores
1656 4584 1731 4652 eius
1747 4587 1904 4683 placidos
1918 4605 1951 4662 et
1969 4594 2143 4686 voluptati

1155 4687 1318 4773 senibus,
1348 4699 1383 4755 et
1403 4683 1560 4776 exemplo
1584 4684 1786 4758 iunioribus
1807 4691 1901 4776 sore,
1934 4706 1968 4765 et
1989 4698 2144 4769 eruditio

1155 4789 1320 4881 prodesse
1341 4781 1566 4857 Scholasticis
1591 4812 1733 4880 quoque
1755 4790 1833 4862 aliis
1853 4794 1992 4886 poterit.
2045 4796 2141 4870 Beue

1156 4883 1292 4984 vale.*)
1344 4889 1401 4958 18.
1417 4880 1616 4984 Octob.”)
1645 4880 1755 4966 1541.

1158 5070 1389 5086 m
1419 5074 1425 5081 -

1190 5170 1217 5235 *1
1237 5169 1460 5227 detonante.
1478 5170 1541 5227 Die.
1615 5220 1622 5241 ,-

1190 5254 1240 5326 **)
1256 5255 1308 5312 Ed.
1321 5255 1407 5311 Lond.
1422 5258 1483 5312 add.
1495 5260 1589 5312 Anno.

1341 5461 1423 5538 45*
