4522 5752
2056 202 2143 279 1000

748 185 1179 267 SUPPLEMENTA
1228 184 1355 269 ANN.
1383 188 1513 269 1540.
1621 240 1624 245 -

113 128 212 273 soso
313 168 344 233 ’-

116 382 184 437 tem
210 390 289 435 meo
313 356 524 459 nondne*),
556 362 703 435 alteram
722 362 764 435 in
783 375 864 433 tuos
879 357 1110 435 Commenta-
1157 358 1221 453 qui
1243 360 1504 435 inextricabiles
1525 362 1752 463 labyrinthos
1773 383 1808 441 et
1830 394 1971 441 errores
1994 374 2033 442 in
2054 398 2144 469 supe-

115 470 187 538 rios
202 469 246 537 de
262 465 479 559 poenitentia
490 456 568 561 ”),
591 490 698 559 quam
712 466 797 537 volo
810 479 854 537 ut
867 463 973 557 legas.
1010 462 1110 538 Scri·
1158 462 1293 533 riorum
1316 474 1516 557 temporum
1536 470 1699 539 doctrina
1715 474 2093 563 astutedissimulent,
2113 504 2145 551 ac

115 570 170 663 psi
190 567 336 639 nominc
350 564 516 650 Brentii,
549 570 633 663 qnia
656 568 754 639 volui
781 568 934 661 quadam
957 563 1110 639 honori·
1157 564 1413 636 tolerabiliores
1449 569 1760 661 interpretationes
1793 574 1985 666 attingant,
2039 592 2143 651 tamen

114 674 177 743 fica
193 670 527 745 commemoratione
543 671 746 762 praedicare
760 662 990 757 Pontonum,
1011 670 1108 766 quod
1156 667 1241 758 quia
1256 662 1322 736 hac
1335 669 1528 742 calliditate
1542 698 1615 742 non
1630 677 1775 745 student
1791 678 1952 748 turbatas
1973 681 2142 751 conscien-

115 798 217 865 spero
234 786 269 843 te
284 775 528 864 probaturum.
562 766 610 842 Et
626 788 743 844 tamen
759 774 808 843 ita
822 773 1014 863 temperavi
1028 796 1109 842 ora·
1156 768 1223 839 tias
1240 792 1382 856 sanare,
1414 774 1475 841 sed
1493 784 1645 843 veterem
1666 775 1885 869 impietatem
1909 781 2100 851 defendere
2117 799 2146 853 et

114 876 269 955 tionem,
300 889 341 946 ut
358 874 472 968 possis
487 876 541 943 vel
566 900 706 961 meum,
735 877 790 943 vel
805 869 957 945 Brentii
977 898 1107 945 nomen
1157 871 1383 957 confirmare,
1409 873 1560 945 multum
1577 878 1738 968 prodest,
1769 893 1810 950 ut
1825 881 1982 951 absurde
2000 897 2035 953 et
2050 882 2147 976 impie

115 977 325 1051 adscribere.
388 976 559 1046 Permitto
587 976 697 1069 igitur
725 992 786 1048 tuo
815 976 966 1065 iudicio,
1008 977 1109 1046 cuius
1156 972 1250 1043 dicta
1266 972 1605 1063 Sententiariorum,
1629 980 1727 1049 velut
1740 982 1927 1073 perspicua
1944 986 2075 1057 veteris
2088 986 2147 1054 im·

116 1080 262 1148 nomine
287 1078 377 1149 velis
404 1078 462 1150 edi
489 1079 752 1171 praelationem.
814 1075 904 1149 lussi
928 1080 1109 1163 nuntium,
1157 1073 1298 1165 pietatis
1326 1076 1527 1148 testimonia
1552 1081 1694 1171 publice
1720 1095 1850 1157 extent.
1910 1082 2147 1157 Humanitatis

115 1196 156 1253 ut
171 1206 247 1253 eam
263 1180 328 1253 tibi
343 1174 519 1255 exhibeat.
568 1178 668 1251 Bene
683 1183 772 1254 vale.
823 1180 860 1253 4.
877 1177 1046 1255 Ianuarii.

215 1313 372 1387 Nuntius
405 1328 525 1407 portat
557 1313 855 1385 commentarium
886 1308 946 1410 *ad
966 1309 1108 1395 Titum,

216 1441 321 1511 quem
344 1419 470 1509 prohat
490 1409 692 1487 Lutlserus.
743 1414 878 1488 Censeo
894 1411 1003 1486 Petro
1025 1418 1107 1487 mit-

215 1521 363 1589 tendum
389 1543 480 1603 esse,
513 1533 553 1589 ut
575 1522 738 1589 excudat:
773 1545 855 1588 nam
873 1522 986 1590 nostri
1003 1535 1107 1612 typo-

216 1617 341 1713 graphi
356 1633 495 1691 tantum
511 1636 631 1693 amant
644 1624 863 1710 germanicos
879 1623 1031 1695 libellos.

735 1996 739 2003 ·
835 2004 844 2019 ·
943 1974 994 2055 (4·
1010 1970 1094 2055 lan.)

930 2064 1103 2095 m

116 1982 175 2043 81.
202 1966 270 2041 No.
292 1965 423 2036 1910⁰.
457 1969 565 2055 (ibid.)

219 2060 391 2093 Μ

228 2142 459 2257 Praefatio
483 2162 525 2233 et
548 2151 688 2262 Epist.
710 2162 993 2263 nuncupator.

185 2328 320 2386 Praelatio
339 2339 367 2383 et
384 2329 499 2402 epistola
519 2331 718 2403 nuncupatoria
737 2328 849 2384 nomine
863 2331 964 2384 Brentii
983 2331 1110 2404 scriptae

220 2397 405 2455 hlelanthone.
447 2398 570 2471 Utraque
590 2399 734 2472 praemissa
755 2409 794 2453 est
815 2399 901 2451 libros
924 2400 991 2471 „lle
1010 2403 1108 2472 poeni-

220 2468 302 2521 tentia
321 2466 591 2523 Conamentariorum
609 2469 671 2523 libri
692 2477 756 2523 tres.
791 2469 897 2521 Autore
910 2472 1108 2535 (sbrcistophoro

218 2536 383 2607 Housmam,
408 2534 611 2593 concionatore
631 2537 764 2592 thenensi.
806 2535 889 2591 llalae
909 2537 1061 2593 Succorum
1078 2559 1109 2592 er

219 2604 330 2659 otticins
347 2603 421 2661 Petri
439 2604 596 2661 Brubachii.
638 2606 723 2661 Anno
742 2604 854 2659 Domini
873 2606 913 2660 M.
921 2606 1020 2662 nxt,
1028 2606 1045 2633 ’'
1059 2607 1109 2664 sol.

219 2674 262 2743 (ln
277 2672 346 2727 fines
367 2672 476 2757 „Halae
488 2673 568 2731 Sues.
583 2693 613 2729 er
626 2674 700 2730 ollic.
714 2673 744 2729 P.
762 2672 845 2728 Brah.
866 2675 947 2729 Anno
962 2675 1108 2731 millesimo

216 2742 696 2884 ttltttt'bhtbltrt‘ltt
717 2743 1049 2883 iliiusld‘m'l'l'
1072 2779 1108 2793 ““

477 2972 535 3055 (Α.
563 2975 741 3059 Praelatio.)

314 3092 574 3199 Philippus
600 3094 902 3180 Melanthon.

466 3214 618 3293 Lectori
641 3218 682 3296 S.
697 3219 753 3299 J).

114 3334 337 3449 Praecipuus
351 3357 389 3425 in
398 3353 599 3428 Christiana
615 3356 776 3426 doctrina
790 3357 888 3425 locus
902 3371 952 3427 est
964 3361 1008 3427 de
1021 3384 1106 3449 poe-

114 3461 282 3544 nitentia,
307 3482 412 3554 quem
427 3458 510 3552 quia
524 3456 621 3530 Deus
636 3454 703 3526 hoc
719 3471 877 3549 tempore
892 3461 1106 3551 repurgavit,

115 3586 153 3631 ac
176 3561 330 3632 restituit
351 3559 530 3631 Ecclesiae
553 3585 636 3629 suae
662 3584 782 3629 veram
815 3561 860 3628 de
888 3562 1104 3652 poenitentia

114 3664 329 3747 doctrinam,
354 3687 458 3732 rtemo
475 3677 544 3733 tarn
559 3664 654 3744 lero,
688 3686 793 3730 nemo
819 3676 890 3731 tam
915 3665 1028 3733 ferreo
1045 3689 1105 3752 pe-

114 3780 210 3835 ctore
224 3788 296 3834 esse
311 3766 435 3846 debet,
460 3764 610 3857 quinon
626 3777 807 3851 agnoscat,
833 3762 909 3833 Deo
925 3789 988 3854 pro
1006 3780 1104 3835 tanto

112 3868 283 3937 beneficio
299 3867 428 3956 gratias
440 3868 592 3957 agendas
612 3889 696 3939 esse.
745 3862 827 3934 Non
843 3880 991 3956 possunt
1008 3867 1104 3935 enim

113 3992 159 4038 ne
180 3968 372 4039 adversarii
391 3968 536 4063 quidem
559 3969 627 4061 ipsi
653 3989 800 4056 negare,
837 3968 1035 4037 doctrinam
1061 3970 1104 4038 dc

111 4071 331 4163 poenitentia
350 4084 451 4140 antea
471 4093 548 4140 non
568 4072 684 4140 solum
709 4070 891 4154 obmtam,
917 4071 978 4139 sed
1001 4093 1104 4159 pror-

112 4194 171 4242 sus
194 4176 367 4265 sepultam
387 4172 496 4243 tuisse
518 4171 701 4263 flagitiosis
719 4170 918 4256 erroribus,
943 4172 1007 4265 qui
1022 4194 1105 4264 par-

112 4273 176 4346 tim
192 4275 430 4345 obscurabant
444 4287 641 4364 peccatum,
664 4287 698 4343 et
712 4272 968 4344 confirmabant
984 4274 1104 4344 vanis-

111 4376 235 4447 simam
270 4370 484 4471 hypocrysin
512 4400 681 4466 operum,
720 4374 851 4465 partim
882 4373 1053 4445 tollebant
1083 4399 1103 4444 e

111 4494 300 4569 conspectu
320 4502 440 4546 veram
467 4492 501 4547 et
524 4479 660 4547 firmam
676 4475 952 4546 consolationem
969 4489 1004 4546 et
1018 4500 1103 4566 por-

21 4586 24 4591 ’
110 4594 185 4651 tum
219 4580 471 4660 conscientiae,
512 4581 677 4651 videlicet
712 4579 911 4648 doctrinam
947 4580 991 4647 de
1021 4578 1101 4651 fide.

107 4678 187 4754 Etsi
212 4695 327 4751 autem
356 4706 489 4752 novum
513 4704 623 4771 genus
649 4678 889 4773 sophistarum
913 4680 1101 4766 exoriatur,

114 4872 327 4893 ’,ι-.-

140 5005 223 5075 *tEa
246 5002 317 5059 haud
341 5002 422 5059 dubie
447 5013 487 5058 est

176 5096 253 5131 num.
267 5074 344 5129 0001.

140 5160 187 5225 *¹¹⁸1
205 5158 268 5213 Vid.
287 5155 432 5227 paraclesin,
455 5170 525 5225 quae
545 5156 635 5208 statim
655 5156 779 5227 sequitur
800 5155 881 5211 simul
904 5176 965 5211 cum
985 5157 1099 5227 epistola

174 5224 370 5333 nnneppatoria
390 5226 423 5277 ad
444 5222 607 5344 Ppntauups.
643 5225 934 5347 E³''·'2{,⁰1{2⁹¹},',¹}„‘J⁸⁰
951 5245 967 5346 3
984 5225 1097 5349 belem-

172 5296 577 5433 dlddllhndedseldll'oaldldnhh,
590 5312 779 5435 'lilellhuot
792 5314 977 5421 nonnullos
1013 5334 1020 5350 ·
1087 5335 1094 5352 ι

512 5002 644 5074 praelatio
670 5003 704 5059 ad
728 5003 880 5079 bensium,
910 5024 992 5077 quam
1017 5003 1099 5061 habes

1157 1176 1300 1270 quidem
1323 1191 1394 1264 est,
1437 1180 1554 1250 aliena
1579 1196 1692 1253 errata
1714 1208 1789 1253 non
1813 1186 1939 1255 odiose
1971 1190 2147 1279 exagitare,

1157 1292 1192 1347 et
1206 1301 1283 1364 eos,
1307 1280 1369 1371 qui
1385 1294 1479 1352 recte
1495 1283 1625 1355 sentire
1640 1285 1807 1377 cupiunt,
1829 1287 2081 1381 intempestiva
2096 1316 2147 1359 ve-

1156 1380 1240 1449 teris
1260 1381 1346 1450 mali
1367 1385 1639 1476 exprobratione
1662 1410 1737 1456 non
1758 1391 1982 1479 perturbare.
2037 1392 2105 1463 Sed
2123 1393 2147 1461 si

1158 1504 1293 1551 errores
1313 1482 1361 1554 ita
1377 1501 1603 1572 excusantur,
1631 1501 1672 1558 ut
1689 1513 1764 1559 non
1778 1504 1850 1560 tam
1865 1506 1971 1561 vetus
1987 1494 2148 1583 supersti-

1158 1584 1208 1654 tio
1234 1585 1479 1672 confirmetur,
1516 1612 1624 1683 quam
1652 1615 1744 1660 nova
1772 1592 1950 1683 pernicies
1977 1589 2147 1664 Ecclesiae

1156 1685 1343 1774 afferatur,
1367 1702 1459 1760 certe
1473 1689 1754 1784 inprospectum
1766 1695 1995 1784 producendi
2017 1710 2050 1767 ct
2070 1721 2145 1766 con-

1157 1787 1270 1879 spicui
1293 1790 1465 1860 reddendi
1489 1805 1589 1877 sunt,
1630 1807 1670 1863 ut
1692 1794 1850 1887 imperiti
1870 1796 2031 1881 discant,
2068 1799 2146 1891 quid

1157 1912 1298 1975 cavere,
1331 1892 1418 1985 quid
1438 1892 1549 1963 vitare
1565 1895 1726 1968 debcant.
1779 1894 1901 1985 Quare
1916 1899 2037 1969 sentio
2053 1916 2146 1970 auto-

1156 2015 1230 2060 rem
1255 1987 1385 2063 horum
1407 1997 1741 2067 commentariorum
1765 1998 1896 2069 bonam
1919 2024 2069 2093 operam
2089 2024 2147 2070 na-

1155 2114 1270 2177 vasse,
1305 2098 1402 2187 quod
1427 2120 1500 2165 non
1522 2099 1636 2167 solum
1653 2123 1771 2168 veram
1788 2101 1994 2170 doctrinam
2010 2104 2055 2171 de
2070 2126 2146 2194 poe-

1155 2193 1325 2279 nitentia,
1356 2197 1526 2269 benefieio
1543 2195 1611 2269 Dei
1623 2196 1801 2271 Ecclesiae
1821 2203 2046 2289 restitutam,
2072 2228 2146 2273 ern·

1156 2299 1228 2366 dite
1251 2312 1286 2367 et
1307 2298 1363 2389 pie
1387 2299 1555 2389 explicet,
1587 2303 1647 2371 sed
1669 2302 1774 2372 etiam
1794 2328 1918 2374 eorum
1936 2306 2145 2397 scriptorum

1156 2398 1270 2483 dicta,
1302 2424 1343 2467 ex
1367 2400 1496 2492 quibus
1514 2403 1707 2492 prodigiosi
1725 2429 1861 2474 errores
1876 2407 1949 2475 orti
1969 2421 2074 2491 sunt,
2096 2408 2144 2477 di-

1156 2500 1305 2589 ligenter
1330 2516 1506 2572 recenseat
1531 2517 1564 2573 et
1587 2505 1798 2575 nominatim
1823 2509 1964 2581 refutet.
2028 2508 2146 2597 Quan-

1155 2626 1261 2695 quam
1277 2617 1396 2673 autem
1411 2601 1618 2691 Pontifices,
1646 2605 1809 2701 Tyranni
1827 2623 2002 2678 eteorum
2018 2611 2145 2679 satelli·

1156 2715 1207 2772 tes
1235 2697 1327 2774 hanc
1360 2704 1540 2795 puriorem
1570 2703 1757 2797 Evangelii
1796 2710 2015 2796 doctrinam,
2064 2735 2145 2805 quae

1155 2827 1276 2873 rursus
1290 2806 1459 2874 immensa
1474 2804 1541 2876 Dei
1562 2808 1805 2881 misericordia
1827 2811 1966 2896 illuxit,
1997 2812 2145 2883 crudeli-

1155 2919 1208 2976 ter
1224 2923 1498 3000 persequantur,
1524 2922 1641 2979 tamen
1659 2935 1723 2981 nos
1741 2912 2015 2983 meminerimus
2032 2915 2144 2993 officii,

1155 3010 1248 3100 quod
1266 3006 1340 3077 Deo
1359 3010 1547 3093 dehemus,
1573 3012 1685 3081 filium
1699 3012 1786 3092 Dei,
1809 3025 1846 3082 ut
1864 3012 2030 3083 Psalrnus
2045 3017 2143 3096 iubet,

1156 3110 1214 3197 pio
1232 3110 1352 3178 osculo
1369 3124 1572 3180 reverenter
1585 3114 1816 3204 excipiamus,
1842 3109 1933 3183 hanc
1949 3119 2142 3186 doctrinam

1154 3225 1252 3299 grato
1270 3227 1408 3302 pectore
1424 3214 1695 3301 amplectamur,
1721 3239 1867 3308 eamque
1886 3217 1986 3288 velut
2011 3219 2141 3309 deposi-

1153 3323 1229 3380 tum
1246 3313 1338 3379 bona
1355 3313 1422 3381 fide
1437 3338 1694 3388 conservemus.
1746 3312 1803 3385 dd
1821 3341 1929 3407 quam
1948 3343 2024 3387 rem
2049 3343 2140 3409 spero

1153 3407 1219 3482 hos
1232 3416 1504 3484 commentarios
1518 3416 1714 3508 plurimum
1728 3419 1947 3509 profuturos.
1976 3420 2076 3489 Vale.

1405 3653 1459 3735 (B.
1493 3653 1630 3738 Epistola
1645 3660 1891 3742 nuncupatoria.)

1152 3776 1376 3854 Clarissimo
1394 3787 1488 3862 viro,
1514 3778 1568 3852 D.
1588 3777 1816 3878 Gregorio
1832 3780 2050 3859 Pontano
2065 3788 2138 3859 Do

1152 3882 1245 3955 ctors'
1266 3881 1387 3963 Iuris,
1426 3876 1667 3955 Cancellario
1692 3884 1813 3958 Ducis
1835 3885 2036 3959 Senoniae
2056 3890 2139 3960 Ete-

1265 3983 1394 4066 ctoris,
1427 3981 1636 4058 Ioannes
1660 3983 1892 4061 Brentius
1919 3988 1960 4061 S.
1978 3990 2034 4061 D.

1223 4116 1336 4190 Lucet
1358 4120 1520 4210 inprimis
1542 4121 1580 4188 in
1604 4122 1738 4211 politiis
1756 4123 1927 4216 sapientia
1952 4149 1994 4195 ac
2008 4128 2140 4195 bonitas

1150 4217 1235 4304 Dei,
1267 4223 1426 4314 quicum
1445 4222 1536 4292 tueri
1556 4224 1754 4296 institutam
1771 4252 1790 4295 a
1810 4251 1845 4296 se
1870 4226 2015 4296 civilem
2037 4228 2140 4297 socie-

1150 4335 1255 4392 tatem
1279 4323 1384 4407 velit,
1423 4325 1574 4393 subinde
1605 4328 1665 4394 dat
1690 4343 1906 4418 praestantes
1930 4328 2047 4412 viros,
2085 4329 2140 4421 qui

1150 4426 1320 4514 sapientia
1343 4438 1378 4496 et
1402 4425 1534 4497 virtute
1554 4427 1704 4498 fulciant
1727 4442 1789 4499 aut
1809 4430 2002 4500 restituant
2025 4454 2140 4522 respu-

1149 4528 1268 4597 blicas.
1328 4524 1379 4597 lta
1405 4525 1516 4597 Solon
1545 4523 1698 4597 Atticam
1731 4530 1909 4603 civitatem
1939 4554 2140 4601 concussam

1148 4627 1426 4697 dissensionibus
1442 4628 1572 4699 civium
1590 4654 1712 4699 rursus
1727 4634 1849 4707 erexit.
1900 4626 1950 4701 Et
1967 4628 2141 4722 Augustus

1147 4730 1302 4819 legibus,
1328 4728 1485 4813 iudiciis,
1516 4733 2017 4827 praesidiis-tranquillitatem
2033 4732 2142 4825 lmpe-

1146 4828 1193 4899 rii
1208 4828 1362 4902 Romani
1376 4831 1540 4905 munivit.
1591 4828 1664 4901 Nec
1685 4833 1722 4901 in
1743 4847 1840 4906 tanta
1863 4830 2017 4903 humani
2041 4856 2141 4925 gene·

1148 4932 1196 5001 ris
1212 4932 1430 5002 contumacia
1446 4933 1564 5023 pertici
1580 4928 1666 5003 haee
1681 4950 1829 5025 possunt
1846 4938 1922 5005 sine
1939 4937 2078 5026 ingenti
2094 4938 2142 5005 la-

1147 5035 1233 5103 bore
1261 5058 1300 5103 ac
1328 5033 1470 5105 coelesti
1500 5034 1643 5109 auxilio.
1706 5034 1827 5126 Quare
1848 5038 2085 5130 praecipuum
2106 5037 2141 5105 in

1145 5135 1248 5205 terris
1270 5139 1375 5205 decus
1396 5149 1464 5215 est,
1497 5135 1535 5205 in
1561 5160 1604 5207 eo
1626 5162 1775 5211 insinere
1795 5140 1976 5212 foeliciter
2002 5136 2139 5210 versari.

1145 5236 1215 5308 Sed
1230 5239 1274 5305 ad
1290 5238 1327 5306 id
1340 5238 1472 5306 accedit
1485 5237 1589 5327 longe
1603 5239 1719 5309 maius
1733 5256 1766 5311 et
1780 5243 1921 5333 gravius
1937 5263 2043 5325 onus,
2063 5262 2138 5309 essm

1147 5340 1233 5409 tales
1255 5339 1507 5428 gubernatores
1527 5364 1600 5408 non
1626 5355 1764 5412 tantum
1786 5344 1905 5415 civilia
1926 5343 2071 5435 negotia
2086 5366 2138 5413 re-
