4522 5752
109 217 181 287 tor
476 252 480 261 -
642 166 1584 289 'urrsronanuunrnvut1541.
1732 230 1737 234 ·
1877 201 1954 301 s
2068 200 2141 285 fos

109 386 176 458 No.
191 387 304 462 2188.
917 392 995 472 (tt.
1008 387 1103 471 Ape.)
1146 381 1303 480 vitatis²)
1327 380 1455 455 harum
1471 385 1655 457 literarum
1671 386 1914 456 caussam'esse
1936 400 2012 455 uon
2032 385 2139 456 modo

116 483 288 515 Μ
923 481 1096 513 Μ
1147 487 1426 558 imbecillitatem
1455 510 1552 557 meae
1578 502 1722 574 manus,
1754 489 1815 557 sed
1839 487 2041 578 argumenti
2059 487 2140 558 ino-

420 556 555 642 Mart·
579 555 785 677 Laidem·
1147 590 1255 682 piam.
1306 587 1436 660 Caesar
1460 590 1635 676 ostendit,
1665 614 1702 660 se
1724 589 1944 661 delecturum
1971 611 2049 683 esse
2072 589 2139 659 ali-

180 725 201 788 g
218 720 256 776 Ex
267 721 423 796 apographo
436 723 466 777 in
478 731 540 779 mg
554 721 642 779 Mart.
659 739 689 794 p.
705 721 764 777 172.
1147 715 1236 786 quos
1255 693 1433 786 principes
1459 707 1494 764 et
1517 694 1696 778 doctores,
1728 706 1769 763 ut
1788 693 1832 763 de
1843 692 2011 763 doctrina
2028 691 2139 762 collo·

524 867 531 883 ‚
1018 818 1021 823 ·
1147 808 1302 888 quantur
1319 809 1496 880 amanter,
1522 819 1562 865 ac
1577 795 1791 880 deliberent,
1817 798 1995 889 quatenus
2008 817 2140 864 conve-

375 860 434 938 M
432 890 484 936 (Π
492 875 505 936 l
515 890 592 936 ’Μ
616 859 655 936 L
665 858 799 936 “lh‘'
807 889 838 934 θ’
1146 897 1225 965 nire
1241 897 1363 989 possit.
1414 895 1489 967 Nos
1505 921 1580 967 non
1594 920 1832 990 repugnamus
1838 920 1848 983 ;
1873 895 2030 988 proferri
2044 896 2137 965 eninr

111 978 229 1093 Quod
244 999 397 1069 faustum
412 999 565 1094 felixque
581 1001 638 1074 sit.
682 994 870 1069 Inchoatae
886 1007 969 1065 suut
984 994 1105 1085 publi·
1146 1012 1266 1069 nostra
1281 1012 1315 1069 et
1330 1000 1459 1091 inspici
1476 1000 1648 1091 cupimus.
1690 999 1761 1071 Sed
1774 996 1904 1069 Bavari
1920 1013 1955 1071 et
1967 995 2138 1090 Episcopi

111 1125 171 1172 cae
186 1101 451 1193 disputationes.
485 1101 682 1194 Imperator
697 1088 859 1170 Carolus
875 1096 1045 1189 exposuit,
1066 1119 1104 1165 se
1146 1100 1280 1171 addicti
1292 1096 1322 1195 ³)
1352 1100 1519 1172 Pontifici
1547 1100 1713 1174 Romano
1740 1103 1880 1171 malunt
1894 1096 1926 1196 ⁴)
1950 1097 2137 1172 Caesarem

110 1205 329 1275 delecturum
346 1226 420 1273 esse
437 1208 609 1298 quosdam
624 1204 800 1297 principes
818 1215 853 1271 et
865 1200 954 1270 alios
969 1198 1104 1268 delibe-
1146 1204 1294 1272 omnino
1318 1199 1381 1273 has
1405 1205 1450 1273 de
1476 1203 1646 1294 religione
1666 1203 1937 1275 deliberationes
1963 1201 2137 1276 omittere.

55 1394 58 1401 Ι
110 1298 300 1398 raturos*)
316 1306 361 1375 de
376 1308 565 1378 concordia
581 1296 773 1377 communi.
815 1300 937 1373 Nostri
953 1323 1104 1371 consen-
1144 1299 1378 1384 Mezentius,
1403 1317 1444 1375 ut
1461 1330 1616 1397 semper,
1639 1307 1689 1378 ita
1705 1328 1959 1400 nunc·quoque
1974 1297 2137 1375 hortator

30 1401 36 1415 ’
110 1409 237 1479 tientes
261 1409 540 1500 responderunt,
574 1412 617 1479 se'
635 1408 792 1479 iudicare
821 1406 917 1475 viam
944 1404 990 1472 od
1012 1402 1103 1473 diri·
1145 1419 1216 1492 est,
1242 1421 1283 1478 ut
1298 1402 1410 1500 patria
1429 1421 1463 1477 et
1484 1420 1538 1478 tot
1551 1406 1730 1479 Ecclesiae
1753 1410 1862 1478 armis
1882 1406 2052 1478 civilibus
2066 1405 2138 1476 dis-

110 1512 258 1581 mendas
272 1512 528 1582 controversias
544 1512 668 1581 utilem
683 1511 779 1595 sore,
802 1507 903 1576 sires
924 1505 1024 1597 prius
1039 1506 1103 1573 de-
1144 1509 1315 1602 sipentur.
1366 1508 1438 1581 Sed
1455 1507 1651 1599 Imperator
1671 1511 1804 1603 patriae
1825 1510 2046 1603 parcendum
2065 1516 2136 1577 esse

48 1677 52 1684 .
112 1614 307 1697 darentur,
332 1625 366 1682 et
380 1626 583 1705 pertexatur
598 1612 789 1705 disputatio
808 1607 1102 1692 wormatiensis,
1145 1611 1269 1696 sentit,
1302 1625 1337 1682 et
1359 1611 1494 1683 iudicat
1519 1614 1774 1684 controversias
1789 1606 2138 1684 EcclesiasticasEo-

112 1739 152 1785 ac
167 1715 369 1807 petiverunt
384 1738 460 1784 earn
475 1716 621 1808 pertexi.
662 1712 788 1784 Postea
804 1712 835 1780 si
850 1710 937 1780 velit
948 1709 1101 1799 deligere
1144 1714 1337 1784 clesiastico
1363 1738 1462 1784 more
1491 1715 1710 1785 dirimendas
1735 1737 1820 1788 esse.
1875 1710 1966 1783 Heri
1992 1711 2138 1783 advenit

111 1818 260 1887 idoneos
283 1810 463 1903 homines,
501 1818 565 1912 qui
595 1819 751 1909 inspecta
779 1815 841 1884 illa
864 1812 1101 1883 declaratione
1143 1808 1322 1885 Marchr'o
1345 1811 1547 1911 Elector⁵),
1580 1842 1687 1911 quem
1711 1839 1814 1909 spero
1837 1814 2135 1886 etauctoritatem

110 1941 211 1988 veras
227 1918 417 1989 sententias
430 1919 573 2010 eligant,
596 1932 736 1990 nostros
750 1940 824 1986 non
839 1915 1023 1986 defuturos
1037 1936 1101 1983 suo
1145 1930 1179 1987 et
1199 1919 1487 2008 suffragationem
1513 1920 1725 1990 collaturum
1754 1940 1827 1988 esse
1847 1918 1893 1987 ad
1918 1916 2136 1997 constituen-

111 2021 239 2093 officio.
291 2018 362 2091 Sed
379 2022 558 2092 nominari
573 2022 776 2114 petiverunt
792 2018 874 2088 illos
896 2017 991 2109 ipsos
1011 2015 1102 2085 deli·
1144 2013 1266 2115 dam⁸)
1291 2034 1430 2112 pa'cem3
1464 2044 1534 2113 qua
1555 2023 1711 2114 profecto
1729 2043 1819 2113 opus
1835 2032 1903 2103 est,
1928 2019 2036 2088 etiam
2052 2041 2136 2109 pro-

106 2118 253 2214 gendos.
304 2116 427 2193 Altera
446 2148 526 2214 pars
547 2124 749 2217 principum
771 2134 851 2213 post
871 2141 937 2189 nos
954 2141 1102 2211 respon-
1144 2135 1222 2212 pter
1238 2120 1408 2193 Turcicas
1422 2124 1674 2215 expeditiones.
1723 2121 1849 2208 Aiunt,
1869 2116 2012 2192 Turcos
2020 2115 2050 2216 ⁷)
2066 2119 2134 2190 iam

110 2225 173 2295 dit.
224 2221 278 2294 De
292 2223 531 2317 disputatione
553 2227 668 2298 silent.
718 2221 860 2294 Caesari
880 2221 1102 2314 permittunt,
1143 2224 1249 2294 fuisse
1266 2248 1512 2315 progressuros
1526 2226 1564 2294 in
1574 2221 1768 2311 Austriam,
1792 2218 2037 2317 siHungarr'a
2054 2243 2135 2314 pos·

109 2337 151 2397 ut
179 2326 303 2416 eligat,
337 2328 397 2397 sed
426 2329 477 2398 ita
504 2341 546 2398 ut
574 2328 673 2419 prius
697 2326 859 2396 nominet
884 2323 1101 2413 deligendos.
1144 2338 1196 2395 set
1208 2327 1400 2398 exercitum
1422 2327 1535 2412 alere,
1558 2327 1599 2397 in
1618 2352 1686 2422 qua
1710 2342 1855 2421 propter
1875 2340 2010 2417 aestum
2031 2346 2135 2417 supe-

108 2425 269 2499 Bavarus
283 2420 524 2499 Gnildelmus
544 2442 696 2521 pugnat,
730 2453 775 2498 ne
791 2425 920 2498 Caesar
941 2425 1103 2495 instituat
1143 2427 1250 2498 rioris
1264 2429 1349 2498 anni
1363 2428 1481 2519 fruges
1498 2431 1700 2521 perierunt,
1724 2443 1760 2500 et
1774 2422 1981 2523 hachyeme
1993 2426 2065 2497 coli
2077 2442 2148 2497 arf

110 2526 174 2600 has
188 2530 233 2599 de
247 2531 471 2620 dogmatibus
484 2531 766 2604 deliberationes.
791 2529 983 2600 Profitetur
996 2527 1100 2596 etiam
1143 2554 1186 2599 va
1201 2544 1347 2623 propter
1362 2530 1496 2601 bellum
1512 2556 1585 2602 non
1602 2543 1808 2625 potuerunt.
1856 2527 2007 2601 Duobus
2027 2526 2135 2618 igitur

110 2655 147 2701 se
167 2655 295 2725 aquam
318 2633 499 2704 lustralem
531 2647 751 2705 retenturum
778 2655 862 2702 esse.
921 2627 1101 2701 Hactenus
1143 2631 1346 2722 ingentibus
1370 2634 1473 2702 malis
1494 2632 1679 2726 Hungaria
1705 2628 1926 2703 horribiliter
1949 2631 2134 2723 premitur,

13 2774 25 2794 .
110 2729 196 2803 haec
215 2745 353 2803 tantum
376 2749 451 2807 acta
471 2749 566 2809 sunt.
617 2735 758 2808 Rursus
774 2744 995 2826 expectamus
1008 2727 1100 2800 Cae·
1143 2734 1237 2804 bello
1264 2748 1298 2805 et
1319 2735 1423 2804 same.
1478 2732 1638 2806 Haecin
1659 2734 1888 2805 Germaniam
1911 2734 2027 2804 suriae
2050 2731 2134 2802 istae

110 2835 198 2905 saris
216 2859 434 2928 responsum.
484 2837 576 2910 Cum
599 2861 664 2907 nos
686 2837 934 2956 respondimus
948 2832 1101 2920 Caesari,
1141 2833 1347 2907 Pontificiae
1357 2836 1461 2907 etiam
1473 2834 1677 2933 accersere⁸)
1689 2851 1873 2922 conantur,
1886 2857 2038 2929 quarum
2049 2857 2134 2903 eon·

109 2938 349 3008 adiunxerunt
370 2964 407 3009 se
423 2941 553 3012 nostris
564 2931 742 3009 Palatini
764 2965 803 3008 ru
818 2937 1039 3029 Zwepriick,
1065 2950 1101 3008 et
1142 2938 1220 3008 silia
1236 2937 1334 3010 Deus
1356 2953 1456 3031 pater
1475 2941 1613 3010 domini
1636 2940 1749 3010 nostri
1773 2938 1854 3010 Iesu
1875 2934 2012 3009 Christi
2031 2934 2134 3005 dissi-

110 3040 269 3109 eiritates
282 3035 493 3136 Norlr'ngen
513 3057 547 3113 et
561 3037 879 3139 Dinckclspiegel,
904 3039 1100 3131 etquidem
1142 3054 1213 3132 pet.
1249 3039 1289 3111 Si
1302 3043 1369 3112 erit
1384 3041 1502 3135 aliqua
1516 3045 1560 3112 de
1575 3044 1736 3113 doctrina
1751 3041 1905 3122 collatio,
1927 3062 2031 3130 spero
2048 3060 2134 3107 con·

109 3139 273 3216 Comites.
325 3138 458 3236 Accepi
485 3145 686 3236 epistolam,
720 3145 856 3239 inqua
887 3142 931 3210 de
956 3133 1100 3211 Planco
1142 3166 1282 3212 sensum
1298 3144 1392 3213 inter
1408 3157 1548 3214 nostros
1563 3145 1704 3214 firmum
1718 3145 1806 3216 sore.
1859 3140 1919 3212 'l'u
1930 3141 1999 3233 piis
2019 3141 2134 3231 preci-

29 3270 45 3281 ·
110 3243 246 3317 scribis.
277 3241 374 3316 Dens
388 3260 504 3317 servet
516 3245 560 3318 D.
569 3243 820 3340 Augustinum
839 3259 875 3317 et
888 3266 950 3313 vos
965 3268 1099 3317 omnes.
1142 3246 1209 3315 bus
1232 3258 1267 3315 et
1291 3246 1361 3316 tuis
1383 3258 1419 3343 et
1434 3242 1613 3317 Ecclesiae
1638 3247 1844 3316 commenda
1865 3241 1942 3313 Deo
1965 3257 1999 3314 et
2019 3264 2085 3310 nos
2100 3253 2135 3310 et

108 3343 206 3414 Bene
239 3348 328 3420 vale.
387 3347 565 3421 Postridie
597 3348 819 3437 Palmarum,
859 3370 954 3419 auno
989 3343 1099 3421 1541.
1140 3342 1277 3417 Christi
1309 3347 1497 3420 Ecclesias.
1543 3346 1645 3418 Bene
1673 3347 1764 3424 vale.
1813 3344 1882 3416 Die
1908 3342 2045 3437 Aprilis
2074 3341 2133 3416 14.

107 3444 335 3541 Ratisponae.
1141 3447 1360 3522 Ratisbonae
1383 3447 1493 3524 1541.
1794 3519 1799 3530 ,

879 3547 947 3625 Ph.
976 3550 1028 3622 M.
1747 3543 1843 3621 Phil.
1858 3532 2086 3618 Melanthon.

1295 3686 1453 3760 Salutem
1467 3687 1533 3759 tibi
1552 3678 1650 3777 optat
1665 3676 1815 3779 Caspar
1836 3673 2051 3774 Cruciger⁹)
2071 3703 2135 3751 sua

108 3819 175 3896 No·
190 3825 302 3901 2189·
920 3847 931 3902 ¹
941 3839 974 3902 4·
996 3834 1074 3917 Aps.
1243 3813 1390 3908 manu..
1415 3788 1522 3861 Iussit
1553 3789 1659 3861 etiam
1674 3784 1864 3906 ’Dominus
1892 3780 2135 3902 Cancellarius

114 3921 287 3950 Μ
895 3926 1094 3956 m
1240 3883 1469 3963 Francucus
1492 3893 1564 3963 suis
1584 3891 1703 3960 verbrs
1721 3898 1880 3957 amanter
1900 3886 1965 3956 trbr
1984 3885 2134 3954 salutem

440 3994 537 4081 Nic.
566 3995 769 4083 Medlero.
1130 4032 1133 4037 ·
1241 3993 1325 4063 dici.

178 4152 201 4205 E
215 4151 310 4208 codice
324 4153 419 4209 bavari
433 4153 497 4210 Vol.
511 4156 545 4210 ll.
563 4175 589 4230 p.
605 4157 664 4211 314.
684 4159 752 4212 edita
765 4158 794 4213 in
809 4159 862 4213 den
875 4158 981 4215 Unscb.
996 4159 1097 4216 Naebr.
1144 4176 1360 4191 ·····-·····

211 4241 275 4276 eun.
291 4222 366 4276 1759.
408 4225 489 4280 Ass.
505 4245 520 4280 a
536 4226 746 4294 Zacheichselio,
762 4228 860 4282 iterum
875 4229 986 4284 allana.
1000 4249 1042 4301 ep.
1054 4235 1098 4298 4.;

210 4310 288 4346 nunc
301 4313 331 4346 er
349 4244 446 4348 eodem
457 4295 520 4350 cod.
534 4307 660 4351 accurate
671 4296 813 4369 descripta.
1172 4279 1200 4351 2)
1209 4279 1394 4403 scrideaeelsU'
1411 4280 1446 4335 N.
1466 4282 1646 4347 breodntem,
1673 4276 1721 4330 sed
1739 4274 1859 4331 Daunius
1880 4280 1954 4328 recte
1978 4271 2139 4327 emendetit

109 4428 278 4528 Egregia
308 4434 444 4532 pietate
472 4446 503 4508 el
538 4432 705 4509 doctrina
732 4435 903 4536 praedito
929 4418 1098 4512 Dom'p'no
1173 4434 1203 4505 8)
1223 4434 1293 4490 cod.
1310 4437 1426 4489 adducti
1443 4434 1517 4506 quod
1536 4443 1561 4488 et
1586 4429 1800 4487 Zscheirhselius
1816 4429 1844 4482 in
1858 4427 1896 4483 U.
1911 4426 1946 4480 N.
1967 4426 2068 4497 edidit,
2087 4427 2134 4482 sed

108 4530 997 4638 nunnus...1............„,.,‚
1031 4541 1097 4615 ...
1173 4503 1737 4657 ..restauratus:53:53²

134 4637 228 4708 0414ἷί
239 4637 490 4735 Evanglllllm
513 4641 553 4748 ¹⁰7}
571 4640 741 4714 ECCICSia
756 4639 1074 4742 Naumburgensl’‚
1175 4677 1203 4742 5)
1222 4672 1706 4729 1⁸fereultimosrenitindomitis.
1729 4669 1841 4724 Praeter
1853 4667 1930 4722 illum
1944 4664 2135 4721 aderenthi·

427 4743 545 4815 amico
561 4771 629 4817 suo
646 4745 762 4818 cariss
1210 4744 1248 4814 lip
1268 4763 1299 4798 us
1319 4744 1392 4798 band
1414 4743 1504 4798 cavius
1524 4741 1648 4804 llaesim
1676 4739 1832 4794 Fridericus
1850 4747 1876 4791 et
1897 4734 1965 4818 Otto
1988 4734 2137 4803 trendens,

762 4802 773 4823 ⁶
1208 4763 1340 4879 Palation
1357 4764 1510 4865 Gulietmus
1522 4818 1551 4863 et
1566 4810 1731 4877 Ludoricus‚
1749 4806 1862 4870 Βουτώ
1877 4804 2133 4859 Henncusdlrone·

108 4851 150 4942 s·
176 4874 221 4946 D·
271 4872 351 4947 Elsl
373 4879 494 4948 dextra
525 4903 602 4947 mea
627 4880 789 4950 nondum
812 4883 895 4952 salis
919 4882 959 4950 ln
981 4882 1096 4952 Officio
1209 4882 1342 4962 visenda
1367 4881 1483 4964 Carplns
1499 4879 1646 4933 sabaudiae
1667 4878 1808 4959 princepae
1830 4873 1967 4957 Georgius
1983 4872 2135 4956 lirendeu-

109 4990 177 5064 ese
211 4993 330 5049 tamen
361 4980 445 5072 q...
470 4977 616 5052 120...
644 4973 843 5077 cruorem
997 4985 1095 5054 arua
1208 4952 1354 5091 stertat:
1373 4940 2135 5092 §.ltereatrata,ttrrrteeatuta

107 5076 215 5177 CMN)
230 5082 422 5173 tlegollum‚
446 5083 569 5176 scripsi
587 5084 671 5176 ipse,
723 5084 869 5156 Putabis
885 5099 1001 5158 autem
1015 5088 1097 5157 bre.
1208 5091 1259 5171 eir.
1274 5094 1474 5172 Augustanus,
1490 5085 1663 5169 diistptensib,
1679 5083 1909 5165 constantiensis,
1926 5079 2137 5156 llildessemrus,

1208 5158 1372 5227 Beruenses,
1392 5156 1580 5211 Passarrensrs.
1616 5152 1679 5208 Vnt.
1694 5152 1813 5206 Slerdsn.
1830 5170 1858 5222 p.
1872 5149 1924 5204 374
1936 5167 1978 5219 sq.

1173 5244 1201 5312 6)
1220 5241 1300 5296 Zsch.
1315 5241 1343 5294 in
1356 5240 1394 5295 U.
1407 5239 1442 5294 N.
1457 5248 1485 5293 el
1497 5238 1586 5295 Danu.
1599 5255 1761 5309 perperam:
1780 5237 1994 5288 restituendam.

139 5321 167 5389 ⁶)
185 5322 251 5378 Met.
264 5324 477 5388 deliberatores,
496 5325 571 5396 quod
587 5325 716 5380 mendum
730 5326 796 5380 mibi
811 5326 929 5385 videtur.
1172 5329 1201 5397 7)
1218 5325 1257 5381 U.
1269 5326 1304 5383 N.
1316 5337 1343 5381 et
1354 5326 1442 5382 Dana.
1456 5325 1578 5393 Terreat,
1596 5321 1643 5377 red
1656 5321 1719 5376 eod.
1732 5319 1848 5374 Terens.

143 5407 170 5473 ll
188 5404 227 5462 U·
240 5406 431 5464 N0m²¹1d0⁸e=
450 5411 512 5465 ml·
1003 5482 1015 5492 ⁸
1174 5412 1205 5483 8)
1222 5410 1259 5468 U.
1272 5410 1305 5467 N.
1320 5426 1470 5472 arcessere.
1624 5405 1652 5473 9)
1671 5405 1758 5462 Dans.
1772 5404 1947 5473 &erigerum
