4522 5752
833 1598 836 1604 ,
935 1482 1004 1593 u.
1072 1446 1274 1595 uss

2110 1738 2148 1817 ii

47 2036 52 2043 ,
82 1890 149 2029 ln
167 1947 436 2032 inveniendis
461 1950 842 2060 conquirendisque
859 1946 1185 2060 'praeteritorum
1214 1945 1452 2030 seculorum
1482 1941 1768 2034 monumentis,
1788 1943 1954 2026 mulium
1984 1934 2131 2019 deberi

83 2125 194 2207 bono
217 2125 344 2209 alicui
369 2121 477 2233 fato,
504 2151 584 2211 nos
608 2130 653 2211 in
676 2128 935 2244 colligendis
959 2124 1153 2235 epistolis
1168 2122 1354 2232 Philippi
1367 2119 1660 2209 Melautbonis
1685 2122 1879 2231 saepius,
1921 2125 1964 2201 et
1981 2107 2142 2201 iterum

84 2303 319 2407 nuperrime
346 2305 511 2411 experti
532 2328 688 2392 sumus.
748 2301 945 2420 Contigit
967 2303 1095 2413 enim,
1129 2308 1176 2384 ut
1197 2299 1364 2425 quidam
1386 2325 1444 2386 ex
1467 2298 1704 2386 homiuibus
1731 2250 1914 2407 nostru,
1948 2294 2131 2382 clariss.
2213 2381 2217 2388 ,

83 2476 138 2558 Ι).
153 2476 356 2592 Baebii),
385 2432 525 2591 quem,
556 2482 635 2565 iter
656 2484 704 2566 in
725 2485 929 2597 Angliam
953 2489 997 2565 et
1021 2476 1206 2565 Galliam
1226 2475 1433 2565 fauturum
1454 2498 1784 2593 rogaveramus,
1810 2485 1858 2560 nt
1879 2476 1937 2561 ibi
1960 2477 2006 2556 in
2025 2468 2133 2608 reli-

84 2656 209 2760 quias
229 2655 522 2744 Melantbonis
546 2660 797 2772 inquireret,
831 2658 1015 2744 Parisiis
1038 2659 1084 2742 in
1106 2654 1360 2743 bibliotheca
1382 2657 1522 2767 templi
1545 2653 1611 2743 St.
1636 2653 1897 2741 Genovevae
1910 2635 2132 2738 'inveniret

82 2833 279 2944 quinque
299 2836 544 2922 Volumina
559 2838 604 2920 in
619 2843 680 2944 4.,
714 2838 868 2948 quibus
890 2860 975 2920 non
1001 2837 1147 2922 insunt
1168 2834 1253 2921 nisi
1278 2835 1557 2947 apogr-opica
1579 2834 1849 2944 epistolarum
1872 2834 1926 2916 ab
1950 2828 2132 2912 homini·
2190 2886 2194 2899 .

83 3009 165 3094 bus
191 3009 325 3097 doctis
348 3037 433 3113 sec.
456 3014 567 3101 XVI
588 3017 848 3125 scriptarum
910 3015 962 3099 ln
981 3012 1051 3103 his
1076 3013 1198 3098 etiam
1222 3007 1315 3095 fere
1336 3009 1419 3098 DC
1442 3013 1591 3099 literae
1614 3012 1801 3122 Philippi
1824 3007 2133 3116 Melanibonis,

83 3210 258 3294 quarum
284 3162 590 3301 inscriptiones
606 3200 649 3278 et
671 3196 875 3304 cuiusque
898 3190 1105 3302 epistolae
1131 3191 1267 3275 verba
1287 3191 1420 3298 prims
1443 3198 1485 3274 et
1507 3199 1718 3301 postrema
1739 3187 1922 3277 Clariss.
1942 3183 2131 3271 Beclrins
2194 3300 2200 3307 ι

84 3373 283 3453 accurrate
303 3366 548 3479 descripsit,
575 3392 800 3480 earumque
820 3369 1016 3482 iudicem,
1042 3389 1247 3454 reversus
1264 3366 1465 3482 Gotbam,
1492 3368 1592 3453 milri
1605 3369 1813 3456 benevole
1828 3364 2018 3477 tradidit,
2046 3385 2130 3474 qno

85 3544 318 3655 diiigenter
334 3547 572 3634 examinato
587 3548 800 3660 intellexi,
816 3496 1046 3632 *maximam
1060 3553 1220 3654 partem
1235 3547 1403 3633 illarum
1415 3546 1709 3633 Melantbonis
1726 3546 2016 3656 epistolarum,
2039 3540 2131 3627 lere
2211 3601 2221 3621 ,

84 3720 282 3835 DXXX,
311 3725 443 3808 lucem
458 3749 668 3836 nunquam
681 3724 866 3837 vidisse,
891 3747 1030 3834 neque
1045 3725 1091 3809 iu
1106 3724 1205 3808 aliis
1222 3725 1435 3812 codicibus
1453 3728 1588 3811 lectas
1605 3750 1717 3813 esse.

200 3902 397 4011 Inscripti
421 3910 520 3987 sunt
541 3902 710 3987 codices
734 3903 780 3987 in
800 3910 949 4016 tergo:
986 3853 1128 4015 ,0on
1153 3900 1216 3988 D.
1240 3906 1312 3994 54.
1334 3905 1359 3954 ¹·
1377 3904 1405 3954 ²·
1422 3904 1449 3954 ³·
1467 3899 1494 3952 ⁴·
1512 3901 1582 3987 ⁵·'’.
1613 3959 1685 3998 -,
1726 3904 1774 3987 ln
1790 3902 2015 4020 Volumine
2036 3899 2130 3990 54¹·
2182 3897 2185 3903 ’

83 4076 927 4203 baecprimo-folioinscriptalegrmiur:
1174 4202 1178 4209 Ι
1430 4185 1434 4195 Ι

170 4255 283 4366 „llic
306 4257 416 4342 liber
437 4258 498 4345 M.
515 4257 562 4347 S.
585 4261 682 4345 olim
707 4261 843 4347 extitit
871 4261 981 4346 inter
1004 4261 1137 4344 libros
1160 4258 1439 4343 bibliothecae
1460 4257 1581 4345 Duru.
1602 4256 1821 4344 Danielis
1845 4248 2128 4372 Rindfleiseb

171 4436 392 4549 ,Buvetii,
427 4405 817 4546 patriaVratislav.
837 4437 1082 4549 iuSilesia,
1109 4438 1324 4549 religione
1347 4442 1429 4520 tum
1444 4437 1718 4547 hurtherana,
1750 4420 2020 4545 professione
2044 4455 2133 4514 me-
2227 4509 2235 4525 ,

169 4613 283 4724 ,diei
303 4615 597 4730 eruditissimi,
626 4618 718 4731 qui,
743 4626 841 4728 post
855 4627 1113 4730 peragratas
1131 4616 1282 4700 multas
1299 4616 1505 4725 regiones
1525 4620 1566 4696 et
1581 4614 1773 4698 abiurato
1790 4612 2133 4722 luntheranismo,
2196 4573 2199 4581 ¹

172 4744 421 4901 ,Romanae
436 4795 661 4879 Ecclesiae
683 4794 794 4878 oolla
815 4794 1022 4880 submisit
1037 4803 1079 4879 et
1103 4794 1254 4881 mundo
1275 4791 1483 4878 valedixit
1512 4816 1623 4879 anno
1652 4798 1795 4905 1628,
1837 4790 2022 4876 habitum
2043 4815 2132 4921 ruo

172 4969 423 5080 „nachalem
439 4974 633 5085 sumpsit,
658 4980 701 5058 et
714 4954 901 5059 mortuus
917 4980 984 5058 est
1003 4970 1041 5059 d.
1061 4956 1291 5083 losseprb.
1309 4971 1464 5065 1631st

174 5313 210 5399 s)
240 5275 425 5384 Oberlelrrer
446 5337 496 5383 aur
515 5321 787 5405 Realgymnasium
806 5342 843 5384 au
862 5320 970 5386 Gotho.
