4522 5752
212 216 337 310 or'
773 221 1212 335 uetsronanoto
1262 224 1499 309 n1n.v1n·.
1543 225 1682 309 essa
1824 195 1837 210 ’
1982 293 1985 299 ,
2139 230 2256 335 ,ει

213 429 353 482 cursam
373 424 452 477 non·
465 403 635 479 iniustam
655 424 795 475 mecum
817 399 1084 494 expostulandi,
1108 399 1207 495 quod
1255 423 1390 473 nunus
1404 399 1484 473 dici.
1499 401 1605 487 solet3
1638 402 1700 474 sed
1729 425 1811 475 cum
1836 396 1906 475 hoc
1929 397 2168 498 sophisticum
2190 402 2250 489 sit,

212 513 261 584 de
274 503 385 581 huius
407 518 604 579 conventus
622 505 772 597 negotiis
793 506 839 576 ad
860 517 895 575 te
916 503 1076 596 parcius,
1098 525 1206 598 marn
1255 520 1329 573 non
1351 504 1712 597 possumusrciicere.
1762 500 1828 576 Est
1847 505 1944 577 euim
1966 505 2057 578 mira
2073 504 2250 599 calliditas

211 613 343 707 miles,
368 609 591 702 scripserim,
617 633 657 679 ac
672 631 718 677 ne
730 607 884 697 cogitare
896 620 931 677 te
945 605 1092 702 quidem
1105 626 1208 698 posse
1255 606 1295 681 in
1310 606 1492 680 vocabulis
1505 606 1648 678 lonnali
1665 618 1700 677 et
1716 607 1890 680 materiali
1898 652 1916 690 ,·
1936 609 2067 705 dequo
2083 607 2156 679 ianr
2171 606 2250 700 agi·

213 712 391 798 arbitror,
421 725 475 784 tot
494 734 562 783 nos
585 711 683 792 dies,
711 710 785 781 imo
805 728 962 794 menses,
992 704 1052 781 hic
1075 708 1207 779 otiosos
1255 721 1325 794 tur,
1350 709 1498 781 utclare
1513 722 1549 779 et
1564 723 1657 781 certo
1671 721 1857 784 statuatur.
1906 709 1947 782 Si
1960 709 2004 781 id‘
2015 709 2088 797 liet,
2110 722 2152 783 trt
2167 728 2251 803 spes

214 814 464 895 consensisse,
487 825 703 907 quapropter
717 810 902 904 prolixam,
927 809 1127 881 etsiverum
1139 832 1214 901 po·-
1254 834 1315 896 ro,
1340 812 1457 883 aditus
1471 811 1916 882 nohisvaldecommodus
1929 811 2108 885 estractus
2127 813 2174 884 ad
2189 836 2251 882 ar-

214 920 378 999 tuissem,
402 915 927 989 tamenexcusatiouemte'xere
944 912 1081 983 nullam
1097 910 1206 982 votui.
1254 912 1414 985 ticulum
1429 915 1473 984 de
1494 911 1758 985 iustificationer
1803 912 1938 985 Verum
1952 911 2079 1012 num⁴)
2095 914 2143 986 sit
2163 932 2254 1007 pro·

215 1020 369 1104 Verum,
395 1044 476 1089 cum
496 1042 586 1112 quae
607 1019 647 1087 in
664 1017 888 1089 undecimam
906 1039 1019 1108 usque
1033 1013 1206 1106 septima-
1256 1037 1461 1106 murum
1478 1015 1715 1108 colloquium,
1747 1016 1851 1086 valde
1872 1017 2088 1091 dubitamus.
2140 1014 2252 1087 Venit

215 1147 301 1194 nam
314 1133 391 1193 acta
409 1135 507 1206 sunt,
532 1119 623 1191 tanti
645 1118 818 1197 momenti
840 1141 914 1188 non
936 1117 1025 1202 sint,
1046 1131 1087 1191 ot
1110 1116 1156 1186 ad
1173 1129 1207 1187 te
1257 1117 1353 1189 enim
1375 1113 1443 1188 hoc
1464 1118 1601 1209 vesperi
1613 1166 1633 1201 ,-
1644 1131 1688 1188 'ut
1707 1118 1827 1203 aiunt,
1851 1108 1995 1189 Caesar
2016 1117 2180 1213 spiram,
2198 1120 2249 1188 -acl

215 1224 431 1319 perscribere
455 1223 647 1306 voluerim,
670 1221 740 1290 nisi
762 1215 908 1290 etmihi
927 1219 996 1311 ipsi
1020 1219 1206 1289 scribendo
1257 1240 1362 1314 qoem
1383 1219 1558 1312 proficisci
1579 1212 1769 1290 Granecl'o
1791 1244 1932 1290 necesse
1951 1221 2030 1295 erit.
2090 1219 2254 1316 Reliqua

217 1341 251 1398 et
267 1327 333 1397 tibi
348 1326 497 1415 legendo
519 1325 688 1395 molestus
703 1324 899 1394 admodum
915 1335 988 1392 esse
1003 1321 1207 1399 voluissem,
1256 1345 1297 1393 ex
1313 1316 1501 1392 Strubelio
1514 1334 1552 1393 et
1563 1322 1712 1393 domino
1728 1319 1950 1394 Cancellerio
1963 1322 2096 1397 audies.
2139 1319 2252 1393 Com·

93 1484 106 1498 .
163 1522 166 1526 ⁴
216 1427 455 1522 nequeenim
475 1426 665 1521 quicquam
684 1437 800 1496 actum
816 1436 885 1509 est,
910 1448 1018 1518 quam
1033 1424 1129 1517 quod
1144 1445 1207 1491 va·
1255 1426 1387 1495 mendo
1404 1424 1470 1496 tibi
1484 1424 1647 1495 eeclesias
1658 1438 1796 1495 nostras
1817 1438 1852 1494 et
1865 1426 2013 1495 domum
2026 1446 2154 1497 meam.
2205 1420 2253 1496 ld.

131 1558 134 1565 ·
216 1532 281 1600 riis
300 1530 460 1622 undique
481 1528 598 1599 modis
616 1527 741 1598 tentati
765 1550 905 1606 sumus,
931 1539 972 1596 ut
992 1524 1206 1617 acolloquio
1255 1518 1478 1624 Philippus,
1502 1524 1547 1600 D.
1563 1519 1758 1620 Crucigcr,
1782 1525 1829 1600 D.
1846 1518 2070 1612 Chilionos,
2101 1523 2253 1597 Cancel-

216 1632 379 1703 instituto
395 1632 673 1713 deterreremnr,
699 1629 800 1698 dabis
816 1629 954 1696 veniam
975 1622 1083 1709 mihi,
1110 1626 1207 1719 quod
1256 1627 1367 1700 larius
1392 1643 1427 1700 et
1452 1623 1663 1724 Delicium)
1697 1630 1943 1699 omnesabene
1968 1630 2108 1713 valent,
2146 1642 2253 1721 teque

218 1737 261 1803 de
280 1733 450 1823 negotiis,
477 1755 566 1824 quae
582 1731 682 1801 nulla
703 1750 848 1822 prorsus
865 1730 1026 1812 luerunt,
1052 1724 1145 1797 nihil
1161 1727 1208 1796 ti·
1256 1745 1417 1801 amenter
1437 1731 1603 1805 salutant.
1653 1729 1832 1801 Dominus
1850 1712 2025 1824 Crncr'gcr
2038 1752 2185 1825 qnoque
2200 1743 2255 1801 est

215 1835 253 1906 hi
269 1835 458 1929 quicquam
471 1833 679 1923 significavi.
728 1831 861 1921 Scripsi
886 1844 1004 1899 tamen
1027 1833 1071 1900 ad
1088 1845 1123 1901 te
1138 1843 1210 1899 ter·
1258 1834 1427 1926 colloquii
1442 1833 1621 1913 notarius,
1649 1845 1686 1902 et
1704 1848 1849 1925 propter
1871 1833 2118 1926 occupationes
2139 1845 2175 1903 et
2195 1830 2253 1903 iu-

217 1937 287 2022 tio‚
313 1949 349 2006 et
367 1936 530 2005 libel-lom
555 1933 693 2003 domini
708 1925 883 2030 Philippi
897 1927 940 1999 dc
959 1929 1206 2026 coniugioso·
1257 1935 1411 2004 rumenti
1444 1934 1652 2024 religionem
1686 1957 1761 2003 non
1787 1948 1920 2027 potest,
1955 1935 2021 2005 etsi
2046 1933 2151 2019 velit,
2185 1932 2253 2004 tibi

219 2033 421 2117 cordatum,
457 2029 500 2105 dc
533 2032 713 2105 abusibus
745 2056 874 2103 coccias
907 2028 1130 2115 dominicae,
1166 2024 1209 2100 dc
1257 2037 1421 2111 scrihere.
1471 2034 1546 2107 Nec
1561 2028 1741 2133 Philippo
1757 2050 1868 2110 vacat.
1919 2034 2043 2130 ltaque
2063 2056 2130 2106 nos
2145 2058 2255 2109 excu-

216 2138 382 2237 pn'matu
403 2160 525 2236 papae
547 2161 668 2207 recens
694 2136 828 2206 editum
851 2136 950 2222 misi,
979 2136 1119 2230 quaesi
1142 2134 1209 2205 tibi
1258 2132 1528 2212 satoshahehis.
1574 2135 1672 2208 Bene
1685 2139 1783 2223 vale,
1807 2139 1868 2210 die
1880 2135 2033 2212 Antonii
2052 2134 2165 2211 1541.

219 2243 357 2314 reddita
373 2264 448 2309 non
465 2252 568 2324 sunt,
593 2239 705 2308 miror
720 2238 834 2310 valde.
886 2234 942 2306 Ac·
962 2237 1073 2308 miror
1094 2237 1208 2320 multo
1772 2255 1875 2328 Tuus
1890 2252 2021 2328 [mm
2035 2251 2203 2330 Magus,

219 2345 326 2416 etiarn
342 2342 465 2435 magis,
488 2342 586 2437 quod
603 2342 648 2411 ad
663 2364 729 2410 nos
744 2340 850 2410 semel
866 2352 1005 2413 tantum
1019 2337 1213 2431 scripseris,
1545 2332 1548 2337 ’

220 2469 309 2540 quos
330 2445 396 2514 scis
413 2446 456 2512 de
483 2458 541 2514 tua
558 2444 671 2513 salute
694 2441 920 2534 periclitante
935 2441 1105 2512 sollicitos
1120 2441 1209 2510 adeo

203 2569 303 2620 esse.
354 2543 404 2616 Et
419 2546 563 2638 quidem
583 2541 689 2617 Dom.
713 2535 937 2638 Philippus,
968 2567 1110 2638 unaque
1130 2567 1214 2613 cum-
1271 2595 1306 2668 N
1356 2594 1454 2667 2131
1945 2616 1948 2620 ,
2081 2574 2147 2677 (¹7
2174 2591 2256 2675 lm)

133 2682 136 2687 ·
220 2645 297 2745 (eo)
318 2670 384 2718 nos
399 2670 521 2719 omnes
538 2646 582 2716 de
602 2658 641 2716 te
652 2646 754 2715 valde
776 2645 919 2715 solliciti
933 2668 1072 2732 snmus,
1097 2667 1211 2738 quan·
1259 2622 1469 2730 ᾆω
2079 2639 2253 2719 „02⁸2

220 2775 328 2846 mam
357 2771 559 2841 speramus,
591 2742 628 2819 te
650 2746 892 2818 convalescere
915 2748 1079 2840 coepisse.
1136 2744 1210 2816 Nos
1522 2778 1684 2861 Forma
1710 2774 1977 2863 Concordiae

220 2853 280 2924 dei
312 2851 483 2922 beneficio
514 2872 637 2920 omnes
667 2844 784 2920 adhue
816 2863 909 2920 recte
933 2850 1112 2933 valemus,
1146 2847 1212 2918 etsi
1980 2838 1989 2855 ’

84 2970 94 2975 ’
221 2977 285 3046 ego
316 2954 453 3048 aliquoi
485 2953 559 3023 dies
593 2952 840 3037 decubuerlm3
876 2965 912 3022 al
941 2948 1008 3021 Del
1042 2950 1212 3022 beneficio
1329 2958 1539 3014 Editumiolo.
1554 2958 1629 3014 Eclrii
1644 2953 2258 3040 apologiapro-principihosostholicis—

221 3056 388 3129 convalui
1363 3038 1459 3084 contra
1479 3027 1627 3083 calumnias
1640 3028 1739 3082 Bucen
1752 3045 1835 3098 super
1849 3026 1917 3080 actis
1931 3025 2108 3080 comitiorum
2124 3022 2258 3095 Ratispo·

388 3102 399 3126 ⁰
1363 3114 1441 3152 nens.
1455 3098 1544 3166 (tots.
1562 3098 1600 3166 l.)
1615 3115 1675 3179 pag.
1686 3095 1743 3151 cx,
1756 3122 1789 3136 ·-
1808 3096 1912 3149 lterum
1927 3114 1941 3148 a
1954 3093 2081 3148 Roedero
2095 3092 2114 3149 Ι.
2126 3095 2145 3148 Ι.
2161 3111 2189 3164 p.
2199 3092 2258 3147 154.

321 3186 389 3260 Die
410 3184 532 3261 Xllll.
547 3184 705 3256 Ianuarii
726 3186 946 3279 colloquium
968 3189 1110 3257 tandem
1134 3210 1215 3257 coe·
1364 3163 2062 3307 'cfffiffiffl}:gifffffqffizffiqr229'dlqgf'hg
2075 3163 2185 3288 15¹2?
2199 3162 2258 3233 Ψ*

222 3307 324 3386 ptum
348 3305 418 3376 est,
450 3314 490 3360 ac
511 3286 621 3384 hodie
644 3303 757 3359 sumta
779 3289 971 3380 disputatio
996 3291 1040 3359 de
1065 3289 1214 3359 articulo

223 3382 360 3488 peccati
372 3392 576 3483 originalis;
603 3404 734 3461 etcum
749 3414 874 3481 parum
894 3390 995 3478 absit,
1017 3391 1106 3485 quin
1120 3392 1215 3462 inter
1263 3388 1406 3464 Formo
1432 3389 1643 3464 concordiae
1665 3390 1706 3462 in
1730 3387 1903 3462 doctrina·
1923 3385 2124 3488 deprecato
2140 3386 2260 3485 origi-

223 3511 409 3589 utramque
431 3509 566 3586 partem
583 3507 796 3563 conventum
812 3492 875 3576 sit,
899 3492 971 3562 iam
985 3495 1080 3586 apud
1098 3506 1216 3564 orato·
1265 3494 1368 3583 noli,
1393 3494 1584 3595 proposita
1599 3493 1636 3587 (a
1651 3490 1861 3592 Catholicis)
1883 3493 2112 3565 inconvento
2136 3488 2244 3566 Wor

223 3621 301 3669 rem
333 3594 542 3668 Caesareum
582 3594 749 3664 dominus
784 3586 1005 3692 Philippos,
1044 3590 1216 3675 Bolcrus,
1721 3605 1810 3666 mat.

224 3694 366 3770 Eclius
391 3711 425 3769 et
447 3696 689 3785 suffraganeus
713 3694 950 3786 Moguntinus
973 3710 1008 3767 et
1037 3699 1082 3767 de
1111 3698 1217 3792 plena
1264 3711 1440 3811 Famam,
1468 3732 1632 3803 unanimi
1661 3726 1894 3825 consensum
1926 3754 2049 3802 omne,
2072 3732 2118 3800 ἂι)
2141 3726 2240 3801 Ada.

227 3794 513 3916 ⁰⁰¹¹⁰lliafi⁰n⁰¹l
526 3812 654 3887 agum'
680 3821 745 3868 ¹¹⁸⁰
761 3799 950 3917 qnicqlam
963 3813 1014 3870 ‘Sl
1028 3799 1218 3919 r‘stillum'
1266 3848 1476 3928 propagatos
1491 3838 1684 3905 secundum
1700 3835 1811 3924 legem
1827 3858 2052 3904 communem
2066 3832 2165 3903 nasci
2179 3844 2222 3904 cs

227 3926 333 4021 quam
367 3914 408 3972 Ut
439 3914 606 4018 umnflul
637 3912 810 3984 “atuant’
845 3915 962 4019 suun?
995 3902 1114 4020 m⁰fb¹
1139 3915 1217 3993 9⁰⁵¹
1267 3920 1408 4031 peccato
1431 3936 1616 4027 originali,
1649 3936 1756 4008 etita
1778 3936 1818 4005 in
1844 3932 1996 4008 iraDei.
2053 3931 2120 4005 Est
2141 3922 2233 4007 aute

226 4007 442 4121 b³pn⁸¹l¹um
474 4003 605 4120 rihqm
641 4014 820 4091 peccatum
855 4005 1084 4133 n⁰m¹¹¹³¹ld¹’
1122 4016 1219 4095 9⁰⁵*
1268 4054 1446 4133 peccatum
1461 4038 1633 4129 originale
1649 4037 1801 4106 carentia
1816 4037 1970 4109 iustitiae
1987 4037 2184 4128 originalis,
2198 4038 2243 4106 dc

227 4129 335 4200 ‘luam
359 4128 399 4173 ¹¹¹
423 4105 597 4195 balmum
622 4097 746 4198 (h⁰m⁰
773 4102 839 4195 ⁰⁵²)
862 4118 1005 4175 renam
1027 4105 1063 4197 l’
1100 4119 1134 4176 el
1156 4127 1220 4196 Pet
1268 4143 1362 4212 bitae
1379 4142 1503 4225 inesse,
1528 4136 1647 4232 cum²)
1665 4140 1958 4229 concupiscentia.
2009 4137 2244 4210 Consentimu

228 4229 473 4325 munimem
491 4201 682 4322 ablutum).
732 4199 874 4323 ΜΨ
890 4209 1076 4326 maceda).
1098 4230 1221 4298 Pecca'
1269 4245 1385 4327 etiam,
1409 4243 1448 4310 in
1462 4243 1637 4334 baptismo
1655 4242 1789 4311 remitti
1804 4255 1941 4311 reatum
1954 4242 2086 4333 peccati
2103 4241 2243 4330 origine

229 4323 305 4381 tom
321 4330 469 4399 orrgrnrs
483 4330 566 4403 yere
579 4328 693 4375 messe
713 4302 997 4378 omnibus-Adae
1012 4308 1096 4377 tilns
1116 4321 1221 4381 natu·
1268 4346 1313 4415 lis
1344 4368 1425 4414 cum
1446 4345 1614 4414 omnihus
1636 4343 1787 4434 peccatis
1809 4367 1874 4435 per
1894 4344 2061 4413 meritum
2089 4342 2261 4434 passioni

229 4410 353 4482 taliter
365 4408 585 4500 propagatis,
610 4421 645 4478 et
661 4421 779 4476 tamen
795 4409 962 4479 morbum
977 4422 1011 4480 et
1025 4410 1152 4480 vitium
1168 4410 1220 4479 le·
1269 4443 1416 4518 Christi·

230 4511 421 4604 gqdivinae
442 4526 642 4602 ,epu-gnam
661 4502 837 4602 reliqum
853 4535 1014 4594 manere,
1039 4512 1137 4605 quod
1152 4526 1221 4581 eta
1483 4443 1631 4515 Manere
1656 4456 1793 4528 autem,
1827 4469 1900 4513 non
1924 4446 2040 4515 solum
2060 4446 2261 4538 apostoha.

1271 4548 1452 4639 scripturis
1476 4549 1537 4618 sed
1558 4549 1642 4639 ipsa
1662 4548 1766 4617 etiarn
1790 4548 2003 4640 experientia
2028 4547 2124 4619 docti
2153 4546 2247 4617 senti

1271 4647 1385 4747 mus³)
1401 4649 1739 4741 concupiscentiam,
1760 4647 1932 4744 virium⁴)
1949 4633 2096 4720 naturae
2112 4648 2247 4718 infirmi

231 4625 372 4707 peccato
405 4624 524 4695 ortum
557 4611 624 4696 sit,
659 4624 694 4680 et
726 4627 869 4702 peccata
900 4614 1050 4684 actualia
1084 4614 1222 4692 efficiat,

232 4716 390 4807 adeoque
417 4725 600 4807 peccatum
624 4713 872 4807 aliquomodo
904 4714 1075 4808 appellari
1096 4706 1224 4808 posset,

233 4817 533 4911 quemadmodum
549 4814 694 4905 scriptio
711 4838 773 4886 seu
787 4810 1064 4910 chirographum
1079 4815 1224 4888 alterins

237 5001 458 5020 ·---·
1308 4988 1337 5052 4)
1356 4984 1425 5041 cod.
1437 5005 1518 5050 cum,
1535 4987 1610 5059 quod
1624 4988 1756 5042 mendum
1770 4989 1956 5044 videturesse.

268 5106 299 5176 l)
316 5101 455 5174 Scriptum
469 5106 524 5152 est:
548 5107 576 5153 et
590 5102 625 5151 dc
636 5101 726 5165 plena
737 5101 855 5157 sondlia
865 5103 994 5167 marim,
1010 5120 1080 5175 qnae
1094 5105 1225 5162 merdosa
1308 5071 1342 5142 ⁵)
1356 5072 1455 5129 Dotis.
1842 5163 1848 5174 .

302 5180 374 5226 sunt.
1312 5159 1339 5227 1)
1358 5163 1507 5223 concensu]
1520 5156 1587 5212 Est.
1604 5166 1631 5210 et
1646 5159 1708 5213 eod.
1726 5169 1872 5214 sententia.

268 5256 296 5326 2)
314 5257 384 5312 Cod.
398 5264 504 5311 tantum
521 5263 622 5321 natum
639 5252 687 5310 sed
701 5257 745 5313 vir
762 5256 893 5327 dubium,
911 5261 1044 5332 quaedam
1058 5262 1186 5319 excidisse
1200 5274 1227 5319 et
1310 5244 1341 5312 Ι)
1359 5248 1434 5308 mm]
1448 5244 1510 5298 00³·
1526 5256 1562 5300 tl·
1736 5303 1738 5307 ,

304 5333 423 5380 renatus
434 5323 609 5381 scribendum
623 5342 690 5379 esse.
855 5348 870 5365 ·
1310 5328 1340 5398 8)
1356 5332 1495 5405 sentimus
1508 5349 1563 5384 non
1577 5330 1657 5386 habet
1668 5331 1755 5387 Roed.

268 5409 297 5477 8)
312 5405 382 5463 eod.
395 5407 522 5470 oblatus,
541 5407 616 5478 qood
629 5409 759 5465 mendum
772 5409 868 5466 habeo.
1311 5416 1340 5483 4)
1357 5415 1474 5482 virium]
1487 5413 1553 5471 Eri.
1568 5418 1676 5470 ouium.
