4522 5752
110 200 188 281 aaa
674 190 1113 273 urrsrouaauu
1159 194 1267 297 mn
1304 192 1408 277 viu
1459 190 1593 274 roes
1678 206 1682 213 ·
2024 178 2028 183 ’
2069 200 2136 281 su

80 358 954 472 -AlterumscriptomLegoti(Contorem'),
979 365 1110 466 inquo
1211 366 1531 467 Hieronymus
1569 366 1951 469 Bomgartmus
1991 370 2100 451 Vtro
2183 414 2186 439 ÷

165 504 273 563 suam
297 470 340 547 de
363 473 457 548 actis
479 466 672 572 Colloquii
693 469 911 544 senteutiam
934 469 1059 566 magis
1523 467 1784 553 Theodoro.

524 574 698 676 aphau·
1156 581 1222 675 De
1238 606 1381 697 negotio
1405 607 1638 682 ecclesiastico
1662 608 1713 681 sic
1727 604 1832 687 habe.
1883 610 2092 683 Adversarii
2106 614 2144 685 li.

111 702 199 798 Nos
223 718 363 811 Gaspar
384 714 608 785 miseratione
631 712 753 782 divina
776 709 892 782 Tituli
912 710 950 783 S.
966 706 1110 803 Apolli·
1157 708 1263 779 hrum
1285 709 1508 802 propositum
1530 735 1606 783 non
1630 713 1738 784 modo
1760 713 1801 784 in
1820 713 2034 787 universum
2047 738 2146 809 repu-

113 825 212 895 naris
234 821 270 895 S.
287 819 470 893 Romanae
485 813 662 886 Ecclesiae
685 813 875 909 Presbyter
896 810 1109 897 Cardinalis,
1157 810 1323 897 diarunt,
1361 814 1423 883 sed
1458 828 1493 885 et
1523 810 1708 886 Caesarem
1740 815 1870 888 acriter
1903 815 2146 911 obiurgamnt,

114 915 365 1013 Coniunctus,
392 919 614 992 sanctissimi
635 915 784 987 Domini
807 916 922 987 nostri
935 913 1050 1006 Papae
1074 927 1108 984 et
1157 912 1254 1007 quod
1271 913 1321 983 eis
1336 928 1483 987 conatus
1496 914 1542 987 sit
1557 941 1637 988 eum
1654 919 1858 1005 obtrudere,
1876 918 1943 1013 qui
1957 930 2055 991 totus
2068 944 2145 993 con-

112 1040 252 1101 sanctae
274 1025 365 1095 sedis
398 1020 609 1115 apostolieae
636 1020 675 1087 in
711 1019 871 1111 partibus
895 1016 1108 1089 Germaniae
1157 1026 1263 1086 staret
1277 1040 1318 1085 ex
1333 1014 1491 1107 ipsorum
1507 1013 1793 1090 Lutherauorum
1815 1021 1954 1109 verbis,
1980 1034 2016 1115 et
2038 1022 2146 1112 digui-

113 1133 158 1203 de
174 1133 283 1201 latere
298 1127 443 1215 legatus.
494 1121 686 1215 Postquam
702 1122 894 1213 scripturae
910 1133 1051 1189 nostrae
1061 1113 1108 1212 ¹),
1156 1130 1261 1187 tatem
1275 1119 1492 1211 pontificiam
1507 1122 1822 1193 etecclesiasticam
1836 1145 1914 1193 non
1928 1123 2146 1195 labefactaret

112 1256 219 1329 quam
236 1252 350 1320 nuper
366 1225 563 1316 innegotio
587 1223 768 1312 religionis
790 1246 896 1315 super
919 1234 1107 1292 tractatum
1156 1222 1282 1304 modo,
1309 1223 1370 1289 sed
1387 1222 1426 1290 in
1441 1222 1648 1295 universum
1665 1238 1847 1300 everteret.
1889 1224 2054 1297 Tametsi
2070 1250 2145 1296 reru

111 1336 369 1406 collocutorum
391 1354 413 1399 a
427 1325 565 1400 Caesar.
583 1324 788 1411 Maiestate,
815 1326 854 1393 in
879 1325 1000 1393 eadem
1022 1323 1107 1392 reli·
1156 1320 1271 1390 nostri
1294 1317 1451 1413 theologi
1470 1347 1611 1412 omnes,
1634 1327 1752 1397 demto
1775 1351 1849 1398 uno
1867 1322 2037 1413 Bucero,
2062 1329 2146 1399 eius-

110 1437 227 1530 giouis
249 1456 353 1504 causa
377 1433 649 1522 deputatorum,
681 1427 794 1497 cidem
810 1424 909 1500 Caes.
926 1423 1107 1497 Maiestati
1156 1425 1237 1494 dem
1260 1438 1362 1496 erant
1383 1427 1577 1498 sententiae
1585 1476 1597 1510 ,
1634 1450 1760 1521 nempe
1784 1428 1891 1521 plane
1915 1422 2145 1503 reiiciendum

111 1538 329 1620 obtulimus,
354 1533 490 1602 variam
512 1528 771 1620 aPrincipibus
796 1542 832 1599 et
853 1527 1011 1599 Statibus
1036 1525 1108 1597 lm·
1156 1548 1229 1596 esse
1247 1524 1401 1613 librum,
1427 1539 1547 1599 tamen
1563 1532 1657 1622 apud
1672 1529 1805 1619 legatos
1816 1532 1938 1603 statim
1958 1531 2144 1603 mitiorri-

111 1641 204 1735 perii
224 1635 551 1730 interpretationem
577 1631 652 1700 fieri
674 1629 932 1716 intelleximus,
958 1628 1108 1722 quibus·
1155 1627 1204 1699 cit
1219 1629 1412 1715 sententia,
1437 1630 1592 1716 scilicet,
1618 1642 1732 1716 utea,
1757 1634 1947 1728 dequibus
1961 1634 2061 1705 inter
2080 1636 2143 1705 col-

111 1748 195 1815 dam
218 1741 270 1811 ita
288 1732 624 1829 interpretantibus,
659 1733 759 1825 quasi
781 1734 952 1825 quosdam
975 1731 1107 1801 articu-
1155 1729 1342 1823 loquentes
1375 1732 1613 1818 convenisset,
1650 1734 1913 1826 reciperentur,
1944 1736 2070 1807 addita
2100 1752 2144 1809 ta-

83 1848 188 1929 los,
222 1867 311 1937 quos
341 1839 486 1934 quidam
514 1837 745 1906 concordatus
774 1857 847 1904 esse
875 1835 1107 1918 contendunt,
1155 1854 1258 1918 men,
1307 1832 1372 1902 ubi
1404 1856 1460 1903 res
1492 1836 1705 1926 postularet,
1751 1837 1989 1930 explicatione
2026 1837 2142 1933 aliqua.

111 1945 343 2038 acceptandus
358 1955 392 2012 et
416 1961 528 2033 usque
550 1939 594 2007 ad
615 1938 779 2007 futurum
801 1936 992 2006 concilium
1015 1936 1107 2005 tole·
1156 1930 1258 2023 Quae
1274 1958 1360 2005 vero
1376 1958 1451 2005 non
1473 1950 1617 2029 possent
1639 1938 1768 2030 recipi,
1790 1963 1831 2009 ea
1856 1939 2076 2011 testimoniis
2096 1964 2141 2011 sa-

109 2050 263 2133 randos,
289 2060 323 2115 et
337 2045 382 2114 ab
396 2040 564 2113 omnibus
579 2040 772 2109 servandos
787 2061 860 2108 esse
877 2036 1107 2122 voluerimus,
1155 2058 1295 2105 crarum
1319 2037 1502 2109 literarum
1525 2040 1758 2113 diluerentur.
1818 2038 1863 2111 ln
1884 2036 1981 2111 hanc
2012 2057 2142 2113 senten-

110 2152 191 2223 aliis
204 2162 326 2221 contra
342 2143 571 2239 putantibus,
602 2166 669 2211 nos
690 2154 806 2213 totum
828 2135 925 2211 hunc
938 2137 1107 2213 Collocu-
1155 2136 1241 2209 tiam
1263 2161 1473 2232 responsum
1498 2153 1551 2214 est
1563 2138 1716 2217 Caesari.
1767 2140 1817 2217 Ut
1837 2156 1958 2214 autem
1979 2144 2141 2237 acceperit

108 2270 227 2327 torum
246 2262 454 2332 tractatum,
477 2244 667 2338 omniaque
682 2267 771 2336 quae
788 2242 828 2312 in
849 2242 925 2335 ipso
949 2254 1045 2327 acta,
1071 2254 1107 2312 et
1154 2234 1223 2310 hoc
1246 2264 1474 2332 responsum,
1506 2245 1668 2315 nondum
1688 2243 1827 2319 scimus.
1878 2242 1973 2315 Nam
1999 2241 2074 2317 hoc'
2088 2246 2141 2316 tri·

109 2356 432 2451 quomodocunque
466 2347 646 2438 disputata
675 2358 775 2431 sunt,
814 2346 858 2414 ad
891 2343 1106 2415 decisionem
1154 2343 1226 2411 duo
1242 2337 1337 2412 nibil
1353 2339 1417 2413 hac
1433 2346 1476 2414 de
1491 2368 1529 2415 re
1543 2346 1729 2417 nobiscum
1744 2360 1862 2419 actum
1877 2359 1942 2431 cst,
1967 2348 2044 2417 nisi
2058 2350 2142 2443 quod

110 2456 241 2529 summi
260 2451 442 2525 Pontificis
465 2462 499 2520 et
523 2442 749 2541 Apostolicae
772 2447 866 2517 sedis
891 2446 930 2515 in
954 2446 1105 2517 concilio
1153 2441 1283 2514 Caesar
1300 2445 1452 2515 subinde
1475 2461 1578 2537 urget
1599 2446 1729 2519 auxilia
1743 2446 1919 2534 Tureica,
1946 2474 2043 2543 quae
2060 2474 2142 2521 uou-

109 2559 265 2653 generali
290 2570 353 2629 etc.
372 2552 562 2624 remisisse:
593 2548 684 2637 Nos,
709 2573 756 2619 ne
775 2549 851 2620 ulla
872 2549 911 2619 in
925 2542 992 2618 hac
1007 2561 1106 2640 parte
1154 2546 1247 2615 nulli
1267 2546 1396 2629 libere,
1420 2549 1590 2619 nonnulli
1612 2549 1758 2620 annexis
1779 2551 2054 2624 conditionibus
2075 2553 2143 2645 pol·

109 2661 286 2734 dubitatio
311 2657 552 2749 relinquatur,
589 2655 652 2723 sed
678 2665 719 2723 ut
748 2673 849 2720 mens
879 2664 913 2721 et
940 2650 1106 2720 voluntas
1153 2647 1316 2721 licentur.
1373 2640 1573 2748 Philippus
1596 2649 1682 2721 satis
1705 2652 1815 2738 valet,
1839 2651 1912 2722 nisi
1932 2656 2033 2749 quod
2058 2679 2144 2727 nun·

108 2778 231 2837 nostra
246 2763 337 2831 clare
353 2757 593 2847 intelligatur,
617 2754 668 2825 sic
690 2767 845 2824 mentem
868 2752 1106 2823 voluntatem·
1153 2773 1260 2843 quam
1286 2764 1389 2822 vacat
1415 2751 1629 2823 cruciatibus
1650 2753 1802 2823 dextrae.
1855 2750 1948 2826 Erat
1969 2756 2143 2831 rediturus

109 2891 178 2963 que
203 2877 361 2935 nostram
384 2859 621 2942 declaramus,
645 2851 741 2926 nihil
763 2855 802 2924 in
823 2849 891 2925 hoc
907 2866 981 2925 toto
996 2875 1106 2944 nego·
1154 2854 1300 2923 domum
1331 2876 1412 2923 cum
1437 2852 1658 2948 principibus
1680 2855 1726 2927 ab
1746 2850 1899 2944 Anhalt3
1940 2860 2004 2931 sed
2022 2856 2145 2933 Caesar

107 2969 158 3042 tio
179 2992 243 3062 per
257 2962 472 3059 praedictam
488 2975 645 3033 nostram
661 2958 870 3051 scripturam
895 2979 1105 3051 quacunque
1153 2954 1271 3026 noluit
1285 2978 1365 3026 eum
1388 2955 1580 3031 dimittere.
2136 2974 2142 2981 ·

108 3071 247 3143 ratione
268 3066 452 3149 decidere,
478 3077 539 3133 aut
553 3061 650 3156 quod
666 3060 779 3155 aliqui
799 3057 942 3130 articuli
963 3058 1106 3149 praedi-

107 3174 155 3246 cti
176 3184 344 3242 tractatus
367 3178 615 3258 acceptentur,
653 3176 715 3234 aut
737 3185 849 3256 usque
873 3163 917 3231 ad
943 3162 1104 3232 futurum
1195 3176 1319 3258 capua
1341 3183 1525 3241 ,mmm
1549 3178 1718 3257 emam,
1741 3200 1801 3243 „u
1821 3200 1970 3247 mem,
1987 3180 2107 3249 Bm„

109 3275 302 3347 concilium
326 3271 541 3351 tolerentur,
566 3268 624 3337 vel
641 3278 844 3350 serventur,
870 3263 1024 3333 diffinire
1040 3287 1105 3332 vo-
1438 3301 1442 3308 ·
1563 3282 1735 3361 mmm,

109 3379 234 3450 luisse:
269 3375 359 3444 sicut
388 3396 452 3442 nec
477 3365 594 3441 adhuc
622 3369 766 3464 quidem
798 3366 1013 3452 decidimus,
1043 3376 1106 3435 aut

109 3478 318 3551 diffinimus.
385 3474 458 3545 Sed
495 3485 682 3543 tractatum
717 3469 937 3562 praedictum
978 3481 1104 3548 totum,

110 3603 302 3671 omnesque
324 3577 481 3646 eiusdem
514 3573 681 3645 articulos
714 3596 850 3642 summo
872 3569 1040 3640 Pontifici
1071 3580 1106 3638 et

110 3677 336 3774 Apostolicae
358 3676 452 3760 sedi,
476 3676 516 3743 in
531 3674 681 3743 concilio
698 3672 853 3763 generali
868 3672 925 3739 vel
941 3671 1010 3740 alio
1027 3695 1105 3739 mo-

111 3785 178 3862 do,
203 3782 253 3858 fut
271 3781 309 3847 in
331 3778 504 3868 scriptura
527 3775 679 3844 diximus
695 3790 758 3846 etc.
782 3772 1031 3842 diffiniendum
1048 3796 1106 3842 re-

111 3884 291 3966 misimus,
332 3879 631 3973 quemadmodum
668 3890 703 3946 et
734 3870 849 3946 adhuc
884 3873 1105 3959 remittimus,
1307 3848 1583 3943 Responderunt
1597 3852 1708 3923 nostri
1716 3901 1728 3935 s
1751 3875 1786 3922 ὅθ
1800 3853 1836 3924 id
1851 3855 1902 3926 sie
1917 3859 2098 3953 accipere,
2121 3868 2150 3935 si

112 4010 219 4081 quam
235 3984 381 4077 quidem
396 3979 606 4049 sententiam
629 3991 809 4061 nostram,
827 3988 868 4046 ut
889 3989 991 4046 antea
1005 3972 1105 4048 Caes.
1308 3951 1551 4048 Sy1¹⁰d1¹⁵f¹³t
1568 3955 1607 4023 5¹¹
1624 3952 1828 4030 Germania·

113 4086 294 4159 Maiestati
314 4109 375 4154 ore
399 4080 675 4164 declaravimus,
707 4079 754 4150 ita
777 4102 873 4148 nunc
893 4072 960 4147 hoc
975 4078 1105 4169 scripto
1204 4079 1248 4182 tl)
1275 4082 1424 4155 Interim
1445 4086 1536 4157 velle
1548 4084 1757 4173 Caesarem,
1782 4102 1822 4159 ut
1838 4080 2087 4182 omnia'baec,
2107 4104 2150 4173 de

114 4203 284 4260 testamur
299 4200 333 4256 et
349 4184 608 4256 confirmamus.
1257 4187 1388 4281 quibus
1403 4203 1646 4260 convenerunt
1664 4189 1907 4278 collocutores,
1921 4206 2000 4267 rata
2016 4199 2102 4278 sint.

448 4315 502 4387 lta
516 4329 583 4399 est,
609 4309 656 4388 G.
670 4309 869 4383 Cardinalis
885 4308 1107 4404 Contarenus
1304 4301 1445 4378 Placuit
1459 4300 1527 4376 hoc
1542 4306 1673 4378 nostris
1687 4319 1720 4377 el
1734 4324 1957 4399 acceperunt.

625 4414 776 4505 Legatos
792 4414 940 4506 scripsit.
1207 4429 1249 4532 8)
1275 4434 1378 4508 Velle
1404 4436 1608 4526 Caesarem,
1640 4453 1682 4511 ut
1703 4464 1789 4532 pax,
1813 4439 2032 4538 Noribergae
2054 4453 2152 4541 facta,

1259 4550 1334 4609 rata
1356 4541 1420 4627 sit,
1452 4565 1493 4612 ea
1516 4555 1634 4613 tamen
1656 4543 1881 4629 conditione,
1905 4552 2066 4644 nequid
2091 4559 2151 4628 de.

1260 4640 1365 4713 cretis
1382 4656 1417 4714 et
1430 4644 1518 4714 actis
1533 4638 1752 4735 Augustanis
1768 4641 1989 4721 detrahatur.

114 4778 309 4903 ΜΨ.
947 4783 1003 4847 19.
1029 4773 1088 4841 lul.
1308 4758 1387 4831 Hoc
1403 4774 1622 4855 postremum
1636 4762 1751 4833 nostri
1765 4785 2082 4860 nonacccperunt,

245 4961 571 5070 Boumgortner
598 4952 659 5036 od
692 4952 974 5039 tteoctorom.
1207 4889 1668 5074 4)εὲξὲ1ὧξ“”“ω’ὃὲξ
1677 4894 1886 5069 fffiffwi
1905 4898 1996 4973 Μ
2008 4904 2152 5015 interim

1207 3407 1246 3508 1)
1272 3409 1363 3482 Cum
1385 3436 1460 3483 non
1485 3412 1602 3505 possit
1616 3412 1785 3485 constitui
1810 3408 1879 3485 hoc
1900 3430 2065 3513 tempore
2083 3446 2147 3515 par

1255 3513 1294 3582 iu
1318 3514 1492 3599 ecclesiis,
1528 3538 1564 3583 se
1594 3538 1633 3586 ex
1658 3516 1806 3586 consilio
1832 3517 1941 3608 legati
1964 3525 2149 3615 apostolici

1255 3615 1399 3686 differre
1419 3629 1531 3687 totum
1547 3618 1730 3706 negotium
1746 3618 1804 3688 vel
1816 3619 1861 3691 ad
1876 3625 2045 3711 gencrale
2065 3650 2148 3697 con-

1256 3717 1377 3787 cilium
1393 3718 1511 3789 velud
1526 3718 1595 3788 alia
1610 3720 1763 3789 comitia.

119 4645 566 4663 Mum-¹·
571 4644 585 4652 ⁸
591 4643 642 4652 ⁸⁹--
655 4641 922 4651 ι““··’·-----·-·--οη-
929 4640 1106 4650 --υι--οη

188 5150 209 5212 †
226 5128 265 5198 Ei
277 5137 432 5215 apographo
448 5135 477 5189 in
495 5133 556 5190 eod.
572 5133 659 5189 Μὰ.
676 5132 785 5188 t'rariat
804 5131 867 5188 tot.
882 5133 930 5188 ttt.
1307 5112 1388 5186 Hoc
1401 5140 1475 5186 non
1492 5118 1846 5215 acceperunt‘nostri.

119 5290 341 5311 ,,,,,.....
1210 5248 1252 5345 5)
1279 5246 1380 5319 Velle
1396 5246 1600 5337 Caesarem,
1622 5275 1668 5322 ne
1690 5253 1778 5347 quid
1802 5257 2008 5330 auctoritati
2032 5263 2153 5338 iudicii

155 5388 258 5413 .....
282 5384 719 5447 „amnemamnem
1261 5373 1418 5421 camerae
1445 5348 1669 5440 detrabatur,
1699 5369 1760 5427 aut
1782 5380 1863 5427 cum
1886 5358 1932 5432 sit
1955 5383 2153 5458 suspectum
