4522 5752
107 198 184 275 aas
396 230 405 243 .
685 144 1377 285 srrsrosanuuarnrx.
1430 204 1565 291 tots.
1646 228 1651 239 ·
1880 310 1886 321 ¹
1973 200 1982 209 “
2074 220 2143 297 su

111 375 213 447 mino
225 368 398 461 Magistro
422 368 602 458 delegant,
634 367 792 459 persuasi
815 384 932 443 vestro
957 371 1106 441 consilio
1170 370 1238 449 No.
1252 374 1366 452 2542.
2028 400 2062 463 2,
2076 394 2152 483 geg„

113 478 219 548 talem
233 473 499 562 Praeceptorem
520 492 556 539 se
578 472 723 561 adeptos
746 494 819 540 esse
842 473 906 564 qui
925 473 1106 543 iuniorum
1163 469 1387 513 'Q
2029 491 2154 525 κη.

112 576 320 666 Principum
336 572 474 641 animos
488 570 537 641 ita
550 573 679 640 sanctis
696 572 831 666 piisque
846 573 1017 645 institutis
1030 598 1109 643 mo-
1357 602 1361 609 ·
1481 541 1556 635 GC·
1588 542 1830 659 spalatino·

114 681 282 770 cibusque
317 675 476 758 imbuat,
513 688 553 744 ut
579 671 624 746 D.
649 670 725 745 Deo
760 674 1037 762 incrementum,
1073 690 1108 745 et
1224 710 1307 779 pp,
1325 716 1469 797 ,mm
1486 718 1551 775 m
1569 720 1669 777 Μ
1688 721 1795 781 0140·
1811 723 1926 796 9⁶4„-
1943 726 2068 800 ΜΕ,
2091 728 2150 789 ὤ

112 802 216 850 suum
231 776 396 870 spiritum
411 774 658 865 impertiente,
684 775 722 842 in
745 798 805 846 eos
819 774 1002 869 Principes
1026 801 1108 847 eva·
1259 781 1394 863 ductus·
1407 804 1422 840 s
1436 786 1480 847 ct.
1493 784 1663 847 Gestorfio.

111 884 216 961 dant,
242 892 283 950 ut
298 873 392 947 nihil
406 879 448 945 de
464 876 549 967 ipsis
567 876 761 945 verendum
776 876 823 946 sit
837 880 1005 949 adversus
1019 880 1106 949 sub-

39 1064 43 1069 ,
112 985 224 1066 ditos,
249 981 345 1073 quod
361 979 406 1047 ab
421 978 540 1047 animo
558 978 759 1062 moderato,
786 995 970 1051 mansueto
993 993 1107 1050 caete-

112 1086 232 1175 risque
252 1079 463 1163 virtutibus,
493 1101 580 1171 quas
605 1078 645 1147 in
669 1078 814 1169 epistola
831 1084 876 1149 ad
891 1082 985 1172 piiss.
1000 1080 1108 1151 Prin-

66 1188 72 1195 '
112 1187 226 1277 cipem
258 1193 419 1252 nostrum
453 1180 769 1261 commemorastis,
804 1183 960 1252 alienum
989 1182 1107 1253 luerit.
1156 1147 1198 1240 S·
1224 1172 1271 1250 D.
1322 1176 1478 1252 Basilius
1501 1184 1635 1276 inquit:
1674 1182 1757 1255 Non
1781 1199 1851 1258 tam
1874 1188 2046 1261 sinistrae
2069 1214 2147 1285 opus

110 1286 182 1357 Pro
198 1284 381 1375 laboribus
394 1278 439 1353 D.
454 1278 620 1369 Magistri
634 1282 854 1353 exantlandis
867 1284 905 1351 in
929 1279 1024 1355 herne
1042 1309 1108 1353 an·
1156 1297 1228 1346 0⁵⁵0
1246 1280 1385 1365 demas
1411 1309 1515 1377 quam
1533 1282 1711 1356 Ecclesiae
1734 1288 1941 1361 docentium
1963 1293 2144 1368 concordis

111 1412 199 1459 num
220 1383 402 1456 constituti
428 1396 513 1452 sunt
536 1381 615 1455 XX.
631 1383 667 1453 fl.
689 1384 782 1453 ultra
799 1385 964 1455 vestitum
979 1385 1107 1471 etalio,
1156 1400 1245 1470 opus
1261 1392 1323 1455 est
1364 1380 1467 1454 Hanc
1482 1386 1590 1473 alere,
1615 1403 1787 1481 quantm
1803 1413 1866 1481 ego
1882 1392 2034 1486 quidem
2048 1388 2143 1469 homo

111 1512 201 1584 quae
223 1486 258 1557 et
281 1486 360 1555 aliis
383 1484 423 1553 in
446 1478 511 1552 hac
532 1483 612 1553 aula
628 1485 850 1555 versantibus
865 1487 1027 1578 praeberi
1046 1510 1106 1557 so·
1155 1480 1315 1570 privabis
1336 1486 1456 1574 potui,
1479 1488 1651 1558 mediocri
1674 1489 1857 1579 diligentia
1877 1506 1913 1565 et
1935 1518 2025 1565 vero
2048 1496 2141 1567 etiarn

109 1593 202 1661 lent:
233 1611 357 1658 verum
383 1586 428 1655 dc
453 1584 533 1654 aliis
552 1585 835 1674 ageevobiseum
859 1611 978 1657 coram
1002 1611 1105 1679 saepe
1155 1595 1229 1652 arte
1246 1585 1397 1675 quadam
1412 1610 1450 1656 ac
1467 1583 1692 1681 philosophia
1708 1605 1855 1663 conatus
1873 1618 1973 1683 sum,
1997 1620 2141 1689 semper·

109 1702 325 1763 memoratus
348 1682 396 1756 D.
422 1684 613 1775 Magister,
651 1711 716 1757 nec
750 1686 828 1759 vult
852 1689 1043 1782 quicquam
1068 1690 1105 1759 in
1156 1706 1225 1776 que
1248 1684 1354 1755 fuisse
1374 1712 1452 1757 mea
1476 1688 1940 1785 consiliaovpslrslriorsza,
1964 1710 2008 1767 ut
2023 1695 2141 1769 Paulus

103 1790 179 1863 'hese
203 1790 345 1880 negotio
368 1811 433 1879 pro
458 1800 632 1857 transacto
660 1782 783 1859 haberi
804 1788 890 1861 citra
911 1804 1046 1861 vestrae
1061 1789 1106 1864 D.
1156 1784 1264 1855 veleri
1287 1798 1391 1857 utens
1414 1790 1522 1860 verbo
1546 1803 1580 1861 et
1600 1807 1681 1884 apto
1699 1794 1870 1889 loquitur.
1920 1796 2036 1890 Spero
2051 1813 2142 1871 testes

111 1892 301 1965 consilium
329 1902 364 1959 et
390 1912 581 1962 assensum.
638 1885 747 1976 Quod
772 1891 899 1963 attinet
921 1893 967 1962 ad
988 1916 1106 1962 meum
1156 1908 1229 1954 esse
1251 1887 1364 1957 bonos
1387 1890 1482 1959 viros
1506 1894 1646 1968 multos.
1698 1892 1752 1965 Te
1773 1921 1860 1966 vero
1881 1899 2073 1991 praecipue
2090 1926 2143 1971 co-

111 1995 257 2067 suaviss.
281 2006 317 2063 et
338 1991 455 2067 carias.
471 1989 683 2081 Magistrum
697 1983 957 2077 Ioacht'mum,
993 1993 1106 2064 nolim
1155 1986 1302 2057 lendum
1327 2012 1400 2059 esse
1422 2016 1442 2061 a
1467 1994 1571 2064 nobis
1596 1995 1766 2067 omnihus
1789 2022 1928 2089 semper
1950 2002 2091 2087 censui,
2113 2016 2142 2073 et

112 2096 157 2166 V.
172 2093 373 2186 dignationi
395 2093 539 2163 tacitum
557 2113 650 2177 esse,
676 2095 774 2185 quod
791 2090 949 2167 illustres
966 2091 1025 2169 Pr.
1039 2118 1107 2163 no·
1156 2102 1301 2179 propter
1323 2102 1421 2161 tuam
1439 2094 1627 2181 virtutem,
1652 2112 1686 2167 et
1701 2097 1783 2191 quia
1797 2112 1831 2168 tc
1849 2102 1894 2168 de
1911 2102 2067 2172 ecclesiis
2084 2130 2142 2175 no-

111 2198 175 2270 stri
195 2198 355 2266 animum
379 2189 511 2263 habent
534 2193 706 2264 evocandi
730 2189 860 2265 isthinc
875 2198 920 2264 ad
936 2219 973 2265 se
989 2193 1106 2268 Revc-
1155 2188 1256 2274 stris,
1279 2192 1324 2260 de
1346 2186 1494 2280 scholis,
1516 2198 1559 2266 tle
1576 2195 1708 2282 literis,
1734 2200 1779 2270 de
1795 2195 2025 2273 Scholasticis
2038 2205 2142 2296 pluri·

110 2300 263 2371 rendum
289 2294 485 2367 Dominum
511 2291 652 2364 Patrem
667 2289 906 2381 Martinam,
940 2310 975 2367 et
997 2294 1042 2365 V.
1059 2285 1121 2371 HJ
1155 2291 1222 2361 mis
1238 2291 1370 2383 optime
1394 2297 1558 2367 meritum
1584 2322 1656 2369 esse
1681 2312 1827 2373 constat.
1877 2298 1972 2373 Tuis
1994 2306 2142 2377 consiliis

110 2426 151 2471 ac
170 2401 260 2471 alios
283 2399 454 2491 quosdam
471 2390 691 2486 Theologos,
724 2412 765 2467 ut
787 2399 924 2491 aliquid
948 2399 1049 2468 otioli
1070 2410 1105 2467 et
1155 2404 1285 2487 tuaque
1310 2419 1414 2486 opera
1438 2398 1558 2467 adiuta
1585 2417 1634 2470 est
1648 2396 1734 2470 haec
1748 2397 1959 2489 Academia,
1985 2406 2142 2477 tuisoffi·

111 2499 342 2571 relaxamcnti
355 2497 556 2567 animorum
576 2498 714 2567 domini
732 2494 909 2589 Theologi
929 2522 1002 2569 una
1025 2524 1105 2569 cum
1155 2494 1217 2563 ciis
1246 2510 1391 2565 ornatae
1410 2494 1587 2569 Ecclesiae
1619 2502 1811 2573 multarum
1843 2506 2051 2595 regionum,
2088 2524 2142 2581 tna

109 2602 330 2674 Clementiss.
347 2596 392 2668 D.
408 2597 635 2688 Principibus
650 2600 817 2670 omnibus
839 2600 997 2670 tristibus
1011 2599 1104 2671 curis
1154 2595 1335 2685 diligentia
1370 2599 1491 2669 literae
1523 2616 1736 2694 propagatae
1769 2617 1853 2675 sunt
1886 2620 1922 2676 et
1948 2603 2141 2682 scholastici

110 2700 196 2779 hinc
220 2726 327 2801 quam
344 2699 552 2789 longissime
573 2701 788 2793 profligatis,
819 2714 1010 2794 capessant.
1063 2699 1104 2769 ld
1155 2696 1276 2770 evecti.
1328 2696 1424 2770 Haec
1441 2702 1565 2773 merita
1581 2718 1641 2775 tua
1658 2729 1761 2797 saepe
1779 2719 1811 2776 et
1825 2707 1995 2796 praedico
2017 2711 2094 2781 aliis
2111 2724 2142 2784 et

50 2856 54 2863 ,
109 2807 205 2901 quod
225 2802 432 2872 iamdudum
449 2802 595 2871 summis
611 2800 703 2872 votis
720 2802 878 2893 ipsorum
894 2816 928 2873 et
952 2801 1104 2872 aliorum
1153 2810 1252 2887 grato
1270 2800 1389 2870 animo
1404 2804 1555 2892 cogitare
1569 2805 1643 2897 ipse
1663 2808 1770 2882 soleo.
1821 2804 2012 2883 Accedunt
2032 2827 2141 2885 autem

110 2906 303 2999 expetitum
333 2905 414 2977 luit.
465 2899 597 2972 Iisdem
625 2900 791 2972 Dominis
812 2902 1104 2996 Praeceptoribus
1154 2912 1189 2969 et
1212 2900 1348 2990 privata
1372 2916 1431 2972 tua
1452 2927 1533 2994 erga
1561 2930 1620 2976 me
1642 2908 1830 2991 beneficia,
1859 2910 1994 3003 quibus
2017 2914 2048 2983 si
2070 2938 2141 2986 mea

109 3010 198 3077 meis
215 3020 381 3098 exoptant
397 3005 451 3073 illi
464 3018 497 3075 et
513 3026 595 3094 ego,
619 3005 764 3094 adiungi
785 3006 947 3075 comitem
963 3002 1006 3074 D.
1023 3004 1104 3074 Ma·
1153 2999 1318 3071 voluntas
1339 3027 1412 3073 non
1439 3009 1683 3097 responderet,
1710 3010 1816 3100 plane
1838 3011 2014 3083 barbarus
2027 3040 2140 3091 essem.

109 3110 259 3200 gistrum
281 3096 528 3176 Iouchimum.
582 3104 717 3176 Vereor
734 3106 852 3191 enim,
878 3132 934 3187 ne,
962 3108 991 3176 si
1017 3107 1103 3177 cite·
1152 3100 1231 3172 Etsi
1248 3118 1364 3173 autem
1382 3105 1421 3174 in
1436 3101 1502 3176 hac
1516 3133 1592 3178 mea
1610 3111 1770 3197 fortuna,
1794 3111 2050 3200 gratitudinem
2069 3119 2142 3187 ani·

110 3211 206 3280 riore
222 3223 380 3301 tempore
395 3202 465 3276 huc
479 3208 732 3292 adventaverit,
757 3233 813 3276 me
830 3204 975 3278 hicnon
990 3208 1104 3278 offen·
1153 3204 1202 3271 mi
1224 3204 1295 3274 mei
1319 3207 1496 3278 declarare
1519 3208 1558 3279 in
1578 3213 1716 3300 magnis
1739 3214 1843 3282 rebus
1857 3238 1930 3283 non
1949 3216 2070 3307 potui,
2094 3231 2142 3289 ta-

109 3315 180 3387 ‹lat.
223 3311 308 3383 Dies
322 3323 450 3394 autem,
464 3310 507 3377 ad
525 3332 628 3401 quem
645 3311 913 3399 expectabimini
932 3306 1001 3379 huc
1017 3336 1104 3378 ven-
1153 3329 1237 3375 men
1267 3308 1310 3376 de
1337 3321 1369 3377 te
1393 3332 1530 3401 semper
1559 3307 1752 3383 honorilice
1772 3327 1806 3384 et
1826 3316 1920 3384 sensi
1946 3332 1982 3389 et
2008 3318 2140 3389 locutus

108 3415 201 3499 turi,
235 3414 303 3483 erit
332 3425 475 3482 octavus
500 3409 737 3502 Septembris,
771 3411 811 3481 in
841 3437 947 3505 quem
976 3411 1103 3482 natalis
1153 3430 1243 3479 sum.
1293 3406 1366 3479 Nec
1392 3413 1536 3481 mutabo
1562 3408 1630 3482 boc
1653 3439 1772 3484 meum
1790 3417 1974 3488 iudicium.
2028 3416 2140 3511 Agno-

108 3516 231 3586 heatae
254 3514 414 3603 Virginis
436 3512 579 3584 incidet.
632 3510 752 3601 Quare
773 3514 804 3583 si
826 3513 856 3583 is
880 3515 955 3583 dies
978 3514 1103 3583 vestris
1153 3532 1211 3579 scu
1228 3511 1324 3578 enim
1338 3524 1371 3581 et
1384 3514 1638 3603 rempublicam
1654 3530 1688 3584 et
1701 3540 1758 3586 me
1775 3519 1952 3606 privatum
1970 3520 2036 3594 tibi
2054 3524 2139 3592 mul·

107 3614 153 3688 D.
171 3618 320 3684 idoneus
341 3627 376 3683 et
395 3635 570 3700 congruus
592 3613 718 3697 fuerit,
751 3615 895 3685 dabitur
916 3639 1038 3706 opera,
1063 3627 1104 3685 ut
1152 3611 1343 3684 tadebere.
1393 3611 1432 3683 Si
1458 3614 1513 3682 vel
1536 3617 1634 3701 aula,
1667 3616 1724 3686 vel
1751 3619 1934 3704 iuventus,
1968 3647 2060 3714 qnae
2081 3620 2139 3694 hac

107 3715 217 3788 D.P.
243 3717 462 3804 intempore
494 3714 529 3783 id
554 3714 764 3803 intelligant.
818 3714 977 3806 Cupiunt
997 3718 1103 3784 etiam
1152 3724 1264 3783 aetate
1288 3726 1339 3783 est
1361 3712 1588 3801 insolentior,
1620 3742 1694 3787 non
1716 3719 1799 3790 satis
1819 3733 2006 3810 grataest,
2030 3738 2137 3795 tecum

109 3816 137 3890 l.
155 3817 194 3890 P.
212 3832 253 3888 ut
269 3812 312 3889 D.
329 3814 499 3904 Magister
514 3807 716 3912 Philippus
730 3839 847 3885 secum
861 3816 1007 3908 recipiat
1022 3815 1104 3886 Ma·
1153 3812 1260 3881 seculi
1293 3814 1397 3884 ferrei
1427 3817 1662 3888 ferocissimos
1690 3844 1806 3891 mores
1841 3822 2001 3912 deploro.
2056 3824 2139 3896 Tuis

107 3921 255 4010 gistrum
288 3908 611 4013 Christophorum.
677 3915 816 3986 Primas
857 3917 952 3985 enim
986 3930 1102 4008 partes
1151 3914 1330 3984 beneficiis
1343 3912 1519 3987 etIunius
1535 3933 1569 3989 et
1586 3914 1770 4003 Missum,
1795 3936 1835 3994 ut
1850 3924 1957 3993 multi
1972 3924 2049 4012 alii,
2073 3952 2141 3998 cre·

108 4021 344 4113 praeceptoris
369 4014 604 4088 Ascaniorum
629 4016 813 4089 iuniorum
840 4042 948 4110 penes
961 4016 1005 4091 D.
1022 4016 1102 4089 Ma·
1150 4029 1290 4085 verunt.
1340 4013 1389 4086 Et
1402 4032 1594 4112 utrumque
1609 4036 1752 4113 propter
1775 4037 1808 4092 te
1829 4026 2036 4114 complexus
2058 4054 2139 4104 suen

109 4125 263 4213 gistrum,
285 4114 504 4216 Philippum
539 4121 749 4210 posteriores
775 4144 860 4190 vero
883 4143 990 4210 penes
1013 4120 1103 4191 alios
1150 4115 1268 4188 Semel
1283 4118 1430 4189 omnino
1447 4116 1598 4190 Miseno
1612 4123 1753 4213 scripsi,
1776 4150 1855 4194 cum
1871 4126 2069 4216 placandus
2091 4156 2140 4201 es·

36 4266 39 4271 ·
107 4248 180 4295 esse
196 4223 409 4294 desiderant.
461 4220 584 4316 ltaque
600 4217 645 4290 D.
661 4219 715 4293 M.
729 4214 800 4292 Ph.
818 4236 988 4316 tanquam
1005 4246 1104 4292 sum·
1150 4230 1220 4303 set,
1244 4220 1341 4312 quod
1360 4215 1417 4288 hic
1433 4224 1607 4313 quaedam
1623 4224 1698 4292 cius
1714 4225 1848 4296 foetura
1866 4252 1944 4295 raon
1966 4232 2139 4313 edebatur,

106 4348 187 4395 mus
213 4346 340 4416 parens
354 4321 542 4391 iuniorum
555 4316 789 4392 Ascaniorum
814 4325 1000 4393 concredet
1026 4347 1104 4393 eos·
1151 4342 1256 4413 quam
1272 4345 1347 4389 non
1369 4322 1512 4413 quidem
1536 4328 1821 4411 contemnebam,
1846 4331 1908 4397 aed
1933 4330 2138 4426 typographi

106 4426 189 4495 ilem
221 4426 403 4516 Principes
436 4448 539 4493 curae
571 4437 606 4494 et
634 4425 837 4513 diligentiae
871 4421 916 4497 D.
939 4423 1103 4513 Magistri
1151 4420 1248 4490 lucra
1265 4430 1414 4512 captant.
1465 4422 1563 4511 Quid
1578 4439 1694 4495 autem
1717 4452 1906 4519 queramur
1928 4433 1973 4499 de
1997 4434 2140 4524 ingrati-

106 4518 388 4621 Chrislophori,
412 4521 471 4594 hic
487 4520 644 4595 adhibita
657 4526 769 4594 aulica
784 4526 993 4598 ceremonia.
1031 4524 1104 4594 Va·
1151 4522 1275 4591 tudine
1292 4524 1347 4591 vel
1363 4524 1464 4593 aulae
1481 4526 1535 4594 vel
1553 4527 1764 4612 iuventutis,
1793 4553 1883 4621 quac
1909 4554 2072 4624 unquam
2095 4538 2139 4605 ci·

107 4630 176 4701 leat
197 4650 297 4697 meus
318 4623 364 4696 D.
386 4625 598 4716 Praeceptor
617 4650 723 4720 quam
746 4627 943 4696 diutissime
965 4627 1005 4694 in
1028 4625 1105 4696 Do·
1150 4624 1259 4707 vitas,
1284 4639 1483 4716 quac-aetas
1499 4652 1572 4713 non
1590 4628 1680 4699 vidit
1692 4628 1823 4699 similia
1837 4634 2025 4725 exempla?
2068 4637 2138 4706 Me·

105 4732 206 4802 mino
239 4742 361 4799 nostro
389 4724 468 4796 lesu
490 4724 653 4810 Christo,
683 4752 763 4797 cum
785 4729 949 4797 universa
968 4728 1103 4797 familia
1151 4724 1286 4794 miniati
1313 4726 1433 4816 pulsos
1456 4730 1812 4818 patria'servatores,
1852 4727 2140 4817 Themistoclem,

106 4858 181 4903 sua.
231 4830 342 4902 Datae
367 4827 573 4914 Dessaviae,
606 4828 721 4899 XXX.
745 4828 835 4920 Aug.
859 4827 1103 4903 M.D.XLll.
1153 4821 1352 4907 Aristiden,
1378 4826 1564 4900 Cimonem
1580 4828 1771 4901 Camillum
1787 4846 1821 4902 et
1836 4833 1925 4903 alios
1941 4835 2140 4909 innumera-

107 4938 271 5024 lugentcs
287 4931 415 5025 gratias
429 4932 565 5021 agimus
580 4934 624 5001 de
640 4931 769 5001 libellis
787 4934 833 5002 ad
850 4954 917 5001 nos
930 4931 1056 5001 missis.
1151 4928 1253 5003 biles.
1310 4925 1352 4999 ln
1377 4930 1456 5000 aula
1483 4933 1613 5024 quibus
1636 4930 1772 5005 artibus
1794 4935 1919 5004 luisset
1945 4946 2138 5029 quaerenda

388 5057 609 5162 θωπείας)
625 5059 799 5161 Hfflpm)
813 5056 1104 5161 mummius).
1152 5030 1266 5099 maior
1296 5031 1543 5104 benevolentia
1574 5057 1647 5103 non
1676 5036 1903 5126 ignorabam,
1945 5042 2006 5109 sed
2032 5068 2137 5113 meam

1153 5125 1414 5223 philosophiam
1431 5134 1530 5227 sequi
1548 5135 1670 5206 malui.
1722 5135 1949 5209 lucurrcmnl
1967 5156 2003 5211 et
2024 5138 2081 5215 hic
2105 5146 2139 5213 in

1152 5256 1209 5300 me
1226 5233 1349 5311 multi,
1376 5236 1437 5303 sed
1453 5230 1515 5304 has
1531 5236 1679 5306 iniurias
1695 5230 1912 5330 reipublicae
1932 5247 2139 5315 condonavi.

1152 5331 1321 5405 Petamus
1340 5332 1447 5424 igitur
1460 5334 1589 5421 κοινὰς
1610 5334 1766 5415 ἁπασῶν
1787 5346 1983 5419 πολιτειῶν
2001 5343 2138 5435 κακίας,

1199 930 1265 1008 Ad
1284 904 1596 1041 Spoletinum
1622 947 1781 1018 amicum
1795 974 1904 1022 suum
1922 960 1957 1023 et
1972 954 2107 1055 optime

1562 1049 1743 1123 meritum.
