4522 5752
56 217 105 295 rs
230 189 257 321 J
573 207 1057 295 ‘uersreuauuu
1105 208 1216 288 sm
1243 209 1346 289 vur.
1396 209 1530 289 tstc
1597 286 1600 296 ,
2044 210 2092 282 aa

55 385 359 482 ethinphemiae.
409 383 506 481 Haec
521 399 604 457 sunt
620 409 709 480 quae
728 377 1051 477 inquinauthomi-
1159 338 1174 369 l
1203 381 1298 471 Alia,
1317 409 1409 478 quae
1424 384 1553 470 attulit,
1569 408 1642 454 non
1659 397 1742 455 sunt
1757 398 1994 467 controversa,
2015 383 2094 451 ideo

54 514 155 583 uem,
203 490 257 565 lta
271 491 424 561 affirmat
439 502 612 559 scrutator
628 487 801 561 cordium.
1102 487 1268 557 brevitati
1283 489 1427 556 studens
1442 489 1487 556 ad
1503 488 1765 558 conclusionem
1782 510 1901 580 pergo.
1942 480 1992 554 Et
2005 507 2094 577 quo-

157 624 304 708 ram»,
337 633 565 715 gppgmem
587 618 716 691 „gamat
738 618 984 711 probationem
1007 621 1052 689 de
1102 589 1200 658 niam
1216 589 1299 658 satis
1316 601 1475 658 amanter
1490 613 1555 680 pro
1572 591 1761 660 concordia
1784 612 1929 659 suorum
1954 585 2095 656 confra-

51 706 260 800 dilectione
270 723 340 795 Det
364 738 471 817 super
489 722 631 796 omnia.
696 717 747 794 At
768 717 989 813 Augustinus
1012 723 1051 789 in
1102 704 1196 811 ΠΨ
1222 691 1598 810 ⁰bl⁰lil⁵013l⁰nll³ms
1635 707 1669 764 01
1690 715 1752 812 {³8⁰
1775 714 1916 810 qu⁰fl¹ff⁶
1938 713 2003 780 Pr0
2026 711 2095 758 ¹¹⁰·

52 830 150 901 libro
168 816 380 898 dli-'litera'et
395 824 544 917 spiritu,
576 848 681 918 quem
703 825 775 893 scio
796 825 830 892 ei
850 826 927 894 fore
947 823 1052 893 fami-
1102 809 1184 865 Μ*
1202 806 1238 864 θῐ
1251 818 1433 864 mmmm
1449 816 1555 918 §⁶⁰⁶⁰
1568 791 1746 866 &fleme
1760 794 2023 887 ⁸⁰⁸⁰¹P¹⁸¹¹dum
2041 789 2095 858 ⁰f·

51 932 200 1016 liarem,
225 929 349 1000 audiat
363 942 398 998 et
412 940 590 1021 sequatur.
640 925 723 996 Non
738 927 856 996 statim
871 927 974 1018 culpa
991 939 1052 1011 est,
1102 896 1188 971 sem·

55 1033 262 1105 sinendum
275 1026 374 1103 tauta
389 1025 701 1100 dilectioneDeum
716 1028 918 1118 diligamus,
936 1053 1052 1121 quau·
1202 1025 1306 1099 Clare
1329 1029 1502 1115 fatentur,
1530 1052 1658 1104 omnes
1674 1031 1719 1100 ab
1734 1028 1851 1099 Adam
1875 1043 2095 1122 propagatos,
2180 1033 2188 1039 ’

52 1149 90 1207 ta
122 1134 181 1206 illi
206 1135 382 1227 perfectae
409 1130 606 1220 cognitioni
632 1131 792 1204 debetur.
850 1126 961 1200 Aliud
990 1143 1051 1214 est,
1103 1132 1297 1201 secundum
1318 1132 1430 1222 legem
1457 1155 1699 1218 communem,
1730 1131 1827 1202 nasci
1850 1157 1930 1202 cum
1955 1146 2095 1224 peccato

53 1261 132 1308 non
156 1250 266 1309 totam
285 1234 425 1329 assequi
445 1233 647 1316 caritatem,
681 1233 779 1303 aliud
806 1246 876 1316 est,
914 1232 1050 1302 nullam
1102 1232 1284 1322 originali,
1310 1248 1345 1305 et
1360 1236 1409 1304 ita
1424 1234 1463 1303 in
1481 1235 1534 1304 ira
1548 1231 1628 1309 Dei.
1952 1252 1960 1263 ·

53 1339 159 1434 ⁸0‘llll
174 1336 418 1430 fflfldllalffle
465 1368 469 1385 ⁴
1201 1366 1289 1439 Esse
1304 1384 1420 1441 autem
1435 1384 1616 1463 peccatum
1633 1367 1806 1459 originale
1824 1369 2016 1440 carentiam
2040 1370 2096 1439 iu·

155 1468 292 1544 Arrisit
302 1468 411 1538 etiam
427 1462 518 1536 mihi
534 1467 653 1569 datam
670 1490 690 1536 a
704 1465 878 1556 Magistro
898 1468 1051 1558 possibi-
1103 1469 1218 1541 stitiae
1234 1473 1417 1563 originalis
1433 1472 1572 1544 debitae
1591 1471 1723 1557 inesse,
1748 1495 1829 1542 cum
1844 1471 2095 1565 concupiscen-

54 1576 125 1645 lsm
156 1574 409 1644 mandatorum
443 1568 510 1641 Dei
551 1569 830 1654 observantiam,
872 1569 1050 1640 adiutorio
1102 1572 1161 1648 tia.

55 1674 189 1769 gratiae
210 1674 366 1746 divinae.
417 1666 466 1741 Et
490 1671 603 1741 nostri
627 1671 675 1740 ita
699 1673 842 1739 docent:
872 1669 972 1741 Licet
990 1696 1051 1740 ve·
1092 1743 1105 1756 ‚
1200 1702 1251 1777 E,
1272 1675 1519 1800 inssapfismo‘
1532 1719 1667 1778 reatum
1690 1704 2041 1796 pecfflioriginaus’
2063 1719 2097 1775 e,

56 1776 228 1898 n‘f'bllss
240 1773 466 1896 Migllmln
482 1771 655 1891 ΑΡΟῙΨῨ
676 1796 738 1843 ⁵¹¹³
755 1772 956 1891 ,all‘llmnd0
982 1799 1050 1841 '¹⁰'
1102 1808 1220 1879 omnia
1237 1823 1376 1901 peccata
1392 1810 1526 1881 remitti
1540 1833 1604 1901 per
1618 1808 1785 1879 meritum
1800 1807 1974 1901 passionis
1989 1801 2097 1878 Chri-

54 1895 136 1952 stus
148 1875 241 1949 haec
255 1879 401 1962 tnburt,
423 1890 460 1946 et
474 1889 568 1945 recte
583 1877 685 1960 facit,
717 1875 910 1968 aliquando
926 1877 1051 1962 aufert,
1102 1911 1157 1981 δή.

54 1986 112 2055 cui
125 1980 369 2053 dissentimus.
1740 2004 1743 2008 ⁴
1780 2044 1790 2063 ,
1952 2044 1961 2060 ‚
2003 2044 2013 2062 ‚

1205 2044 1253 2117 At
1285 2046 1451 2115 morbum
1482 2057 1741 2130 remanentem,
1779 2066 1891 2136 rpsam
1923 2066 2122 2112 nimirum.

1102 2147 1266 2218 vitiosam
1282 2147 1620 2238 concupiscentiam,
1649 2170 1728 2216 cum
1746 2170 1786 2215 ex
1811 2158 1953 2238 peccato
1975 2145 2096 2214 relicta

53 2232 133 2312 pter
146 2217 237 2307 legis
251 2213 588 2308 aequivocationem.
619 2209 673 2283 Ne
686 2212 753 2282 sim
768 2213 924 2296 fastidio,
938 2238 1051 2283 unum
1103 2251 1147 2319 ad
1173 2264 1353 2340 peccatum
1383 2271 1521 2339 semper
1544 2248 1711 2333 inclinet,
1751 2249 1799 2317 ob
1821 2242 1890 2316 boc
1915 2260 2095 2339 peccatum

53 2322 232 2409 dusslfflt
252 2319 393 2389 addim
406 2314 511 2417 Pauli
534 2314 672 2398 ¹⁰⁰⁰¹¹¹²
701 2316 746 2385 ad
764 2311 881 2386 Galat·
897 2315 932 2389 2·
980 2314 1052 2395 Per
1103 2351 1314 2457 dicilposse,
1347 2350 1439 2421 sicut
1460 2350 1633 2442 scriptura
1657 2350 1788 2419 dicitur
1809 2371 1949 2423 manus.
2006 2347 2096 2417 Pro-

54 2420 253 2517 lessimlessl
266 2433 540 2533 m⁰²l¹¹¹¹³⁸¹¹¹⁰²
574 2416 671 2512 qu⁰d
690 2417 734 2489 de
748 2440 820 2486 una
836 2415 911 2507 ΙΨ
930 2419 1053 2511 ”equit
1103 2467 1220 2544 pterea
1244 2467 1363 2524 tamen
1383 2476 1449 2522 nec
1470 2453 1614 2545 proprie
1640 2466 1674 2523 et
1694 2451 1892 2535 formaliter
1916 2464 2097 2542 peccatum
2160 2466 2162 2471 ·

54 2522 223 2614 inleulffl‘
1104 2555 1306 2625 damnabile
1324 2555 1532 2646 appellatur.

157 2653 336 2725 Transeat
347 2654 449 2747 quod·
460 2649 645 2723 leremiam
661 2651 744 2723 citat
758 2675 831 2743 cap.
847 2652 908 2726 81.
949 2650 1051 2724 Dabo

52 2758 169 2847 legem
183 2777 301 2826 meam
311 2745 357 2825 in
374 2748 542 2825 cordibus
555 2776 690 2826 eorum.
741 2752 831 2823 Nam
850 2780 923 2824 non
948 2755 1052 2843 igno-

157 2113 368 2187 Assumtum
389 2113 434 2182 de
453 2109 546 2202 Lege
571 2105 776 2200 amphibolo
802 2109 933 2192 utitur,
968 2136 1052 2204 pro-

1203 2684 1357 2758 Omissis
1372 2708 1453 2775 ergo
1468 2686 1547 2754 aliis
1560 2685 1742 2778 pluribus,
1773 2686 1816 2754 ad
1833 2679 2024 2776 Epilogum
2041 2708 2097 2754 me

1104 2802 1283 2863 converto.
1333 2785 1425 2859 Cum
1441 2783 1600 2857 Micheas
1615 2787 1725 2872 dicat,
1756 2784 1800 2856 lu
1812 2784 1995 2877 Baptismo
2011 2811 2096 2877 pro·

54 2872 111 2931 ¹⁸1
125 2857 282 2928 Paulum
303 2876 450 2928 ‘wem
471 2852 567 2927 hunc
584 2855 721 2939 ¹⁰⁰⁰¹¹¹2
753 2857 798 2925 ad
816 2852 945 2930 ΕΜ·
962 2859 998 2932 8·
1018 2871 1052 2928 ⁸²
1104 2893 1165 2962 iici
1182 2892 1221 2960 in
1235 2891 1453 2983 profundum
1477 2891 1584 2959 maris
1601 2889 1720 2958 omnia
1738 2902 1889 2981 peccata.
1940 2886 1990 2958 Et
2006 2885 2096 2959 Eze-

54 2960 256 3051 mdhgm
271 2962 316 3029 de
327 2960 405 3049 ΙΨ
420 2955 646 3046 Evangehoe'
1104 2990 1197 3065 chiel
1217 3017 1284 3063 nos
1306 2991 1472 3062 mundari
1494 2992 1538 3060 ab
1554 2992 1720 3062 omnibus
1737 2990 2017 3084 inquinamentis
2030 3015 2097 3060 uo-

160 3092 220 3164 Ad
243 3117 302 3162 me
322 3115 397 3162 non
416 3090 560 3174 attinet,
594 3090 691 3183 quod
713 3090 930 3180 respondens
945 3083 1053 3158 Chri·
1104 3097 1195 3169 stris.
1258 3089 1447 3163 Zacharias
1481 3118 1561 3163 curn
1592 3093 1688 3179 aliis,
1729 3091 1903 3184 Spiritum
1937 3106 2096 3161 sanctum
2185 3120 2188 3125 ·

55 3212 131 3268 ⁸1⁰⁵
145 3195 252 3266 dicim
276 3193 318 3265 Sl
332 3195 387 3262 Vll
401 3192 541 3282 lntfssdl
555 3193 597 3260 fid
616 3191 736 3274 Vitam,
763 3215 861 3260 serva
875 3194 1051 3264 mandata·
1103 3198 1191 3267 dari.
1241 3193 1289 3266 Et
1309 3190 1491 3280 Christus,
1522 3195 1779 3265 renascentiam
1801 3192 1929 3263 dixerit
1949 3218 1988 3262 ex
2013 3192 2094 3282 Spi-

56 3297 293 3387 luterrogatio
317 3297 413 3365 euim
436 3296 647 3387 praecedens
669 3294 812 3383 praebet
831 3293 1051 3372 intellectum
1102 3300 1174 3372 ritu
1193 3312 1330 3391 eraqua
1345 3297 1432 3370 fieri,

55 3398 301 3493 responsionis
316 3397 507 3491 sequentis.
557 3392 607 3466 At
628 3418 702 3463 non
724 3395 873 3484 opinor,
899 3395 990 3464 velle
1006 3393 1050 3467 Ι).

56 3498 291 3592 Magistrum,
320 3494 502 3571 Christum
518 3496 676 3568 attulisse
691 3497 934 3567 confusionem
947 3496 1051 3585 Legis

55 3617 91 3675 et
117 3600 321 3692 Evangelii.
378 3600 447 3671 Sed
478 3594 517 3669 hi
546 3598 708 3682 videant,
748 3598 811 3692 qui
837 3599 1052 3689 scripserunt

54 3702 276 3794 Decalogum
292 3727 387 3773 novo
401 3701 628 3773 Testamento
645 3724 720 3769 esse
732 3700 967 3792 antiquatum.

1201 3431 1334 3505 Paulus
1358 3454 1499 3525 quoque
1524 3431 1755 3522 appellaverit
1776 3430 1893 3521 ipsum
1915 3429 2095 3500 lavacrum

1103 3538 1194 3608 vitae
1208 3549 1242 3605 et
1255 3533 1549 3624 regenerationis,
1583 3532 1622 3601 in
1646 3557 1717 3626 quo
1733 3533 1875 3601 abunde
1891 3533 1996 3609 detur
2011 3531 2095 3623 Spi-

1103 3639 1192 3709 ritus
1206 3652 1364 3720 sanctus,
1394 3637 1433 3704 in
1455 3660 1525 3728 quo
1548 3634 1662 3705 abluti
1686 3657 1807 3703 sumus
1829 3647 1864 3704 et
1877 3633 2095 3719 sanctificati,

1102 3762 1262 3833 proceres
1284 3761 1424 3831 quoque
1438 3733 1633 3821 Ecclesiae,
1665 3732 1882 3831 Cyprianus,
1915 3734 2094 3830 Hierony·

158 3838 214 3911 De
239 3864 280 3911 eo
300 3862 406 3924 vero,
434 3837 530 3930 quod
545 3835 738 3905 immiscuit
753 3837 796 3905 de
811 3835 934 3905 insana
949 3835 1052 3907 Pela-
1102 3866 1200 3928 mus,
1232 3839 1462 3923 Ambrosius,
1493 3833 1716 3927 Augustinus
1746 3854 1780 3909 et
1810 3830 2094 3931 Chrysostomus‚

54 3945 245 4036 glauorum
259 3940 449 4027 doctriua,
474 3934 637 4008 homines
657 3961 758 4029 posse
781 3961 853 4006 esse
874 3938 950 4007 siue
970 3963 1051 4028 pec·
1103 3957 1274 4014 testentur
1289 3943 1408 4012 omnia
1425 3954 1563 4033 peccata
1581 3941 1712 4010 remitti
1728 3940 1765 4007 in
1781 3937 1975 4031 Baptismo.
2016 3936 2093 4009 Au·

55 4059 156 4133 cato,
187 4068 271 4114 cum
296 4042 342 4115 sit
363 4054 459 4128 estro
480 4035 646 4129 chorum,
679 4039 718 4107 iu
738 4040 933 4130 praesentia
950 4060 1050 4131 prae-
1102 4046 1257 4115 divimus
1284 4045 1387 4113 etiarn
1409 4041 1454 4115 Ι).
1478 4039 1739 4113 Collocutorem
1763 4057 1834 4111 tam
1857 4042 2003 4109 nomine
2029 4064 2092 4108 suo

54 4149 227 4228 erimus,
250 4139 509 4229 hosaffirmato
527 4155 661 4225 menen,
693 4136 895 4211 Catholicos
910 4142 1050 4232 explosa
1102 4170 1208 4239 quam
1240 4169 1385 4215 suorum
1411 4143 1481 4212 iarn
1514 4145 1722 4228 affirmasse,
1759 4155 1938 4234 peccatum
1962 4137 2029 4210 hoc
2053 4143 2091 4209 in

55 4242 255 4320 temeritate
279 4243 487 4334 Pelagium,
523 4239 770 4333 gralhm'Del
800 4245 936 4326 (licere,
978 4266 1051 4312 esse
1101 4246 1284 4340 Baptismo
1302 4270 1374 4315 esse
1398 4247 1656 4329 condonatum,
1692 4267 1765 4312 esse
1788 4244 1984 4336 sepultum,
2018 4257 2091 4313 eta

54 4349 290 4426 necessariam
316 4362 351 4418 et
371 4346 542 4416 auxilium
563 4344 743 4413 divinum:
788 4344 883 4414 iuxta
906 4343 1051 4415 Mileti·
1101 4350 1177 4421 Deo
1202 4373 1276 4418 non
1303 4348 1481 4438 imputari.
1541 4346 1609 4416 Sed
1644 4348 1741 4441 quod
1772 4347 1816 4414 ad
1851 4345 2092 4414 infirmitatem

55 4453 129 4524 tani
154 4446 364 4523 etRomani
386 4446 621 4518 conciliorum
644 4448 800 4531 decreta,
833 4460 875 4517 ut
898 4459 990 4515 extat
1012 4445 1049 4515 in
1101 4452 1234 4537 carnis,
1266 4452 1377 4541 legem
1402 4451 1662 4539 membrorum,
1698 4448 1898 4518 morbidam
1921 4448 2092 4539 concupi·
2194 4498 2199 4507 ,

55 4552 179 4627 multis
201 4548 307 4623 libris
329 4545 741 4655 apudttieronymum,
765 4562 801 4618 et
825 4548 864 4617 in
887 4548 1051 4638 pluribus
1101 4555 1269 4623 scentiam
1283 4553 1428 4634 attinet,
1460 4575 1539 4620 cum
1556 4564 1806 4642 nospcrpetuo
1829 4549 1970 4620 infestet
1990 4549 2092 4619 malis

55 4658 150 4751 apud
172 4652 427 4746 Augustinum.
484 4650 575 4721 Nam
597 4673 720 4719 ornnes
742 4650 835 4720 beati
859 4647 1051 4740 Augustini
1100 4655 1255 4724 motibus
1295 4667 1328 4722 et
1362 4651 1653 4742 concupiscentiis
1682 4652 1822 4741 fatiget,
1870 4652 1914 4720 ad
1951 4640 2096 4743 peccata

54 4758 218 4851 regulam
231 4748 422 4829 humiliter
443 4752 670 4847 suscipimus,
700 4751 761 4846 qui
783 4751 823 4821 in
845 4751 939 4822 libro
962 4776 1049 4822 con·
1100 4751 1220 4851 non*)
1244 4756 1383 4837 incitet,
1416 4752 1532 4824 Deum
1550 4753 1740 4821 maximum
1757 4740 1916 4835 oremus,
1950 4768 1990 4823 ut
2012 4776 2092 4843 gra-
2131 4806 2133 4811 ,

52 4852 502 4942 fusienum'dehorumr‚
535 4853 783 4946 neprosimos
804 4867 944 4925 nostros
968 4879 1051 4945 pec·
1101 4860 1147 4928 tia
1165 4883 1225 4928 sua
1242 4857 1329 4927 velit
1343 4856 1447 4924 nobis
1464 4854 1647 4941 adsistere,
1681 4868 1716 4923 et
1738 4868 1932 4946 praestare,
1968 4880 2012 4924 ne
2034 4855 2090 4922 in-

53 4977 189 5036 cstores
212 4959 428 5042 iudicemus,
469 4980 550 5028 curn
579 4956 731 5049 quilibet
753 4970 846 5026 certo
872 4956 941 5025 sibi
966 4980 1049 5048 per·
1098 4964 1271 5030 ducamur
1296 4960 1334 5026 in
1359 4957 1608 5043 tentationem,
1649 4957 1709 5026 sed
1734 4956 1968 5026 liberemura
1996 4956 2090 5025 malo

54 5066 219 5143 suadeat,
245 5059 287 5135 si
302 5083 377 5131 uon
392 5058 514 5141 divina
528 5059 686 5128 bonitate
700 5058 944 5150 impediretur,
967 5081 1047 5127 eum
1100 5062 1291 5156 praesentis
1304 5076 1337 5132 et
1352 5062 1492 5129 futurae
1509 5058 1618 5143 vitae,
1651 5071 1690 5128 ut
1708 5082 1788 5128 cum
1804 5084 1846 5127 eo
1862 5059 2030 5129 laetemur
2052 5057 2089 5125 in

53 5166 92 5237 iu
105 5179 161 5239 tor
176 5164 275 5237 mala
290 5161 467 5246 incidere,
498 5184 604 5254 quam
620 5160 737 5253 quivis
752 5160 1049 5231 sceleratissimus.
1099 5178 1296 5248 aeteruum,
1323 5162 1385 5257 qui
1401 5161 1671 5231 estbenedictus
1690 5159 1726 5228 in
1742 5161 1868 5232 secula.

53 5264 149 5345 Hert
171 5266 255 5340 diri
270 5262 388 5359 patris.
407 5277 458 5335 est
478 5263 669 5350 sententia,
702 5264 809 5333 verba
830 5273 949 5330 mente
974 5284 1047 5330 non
1621 5283 1628 5291 ·
1687 5255 1691 5260 ’

50 5385 168 5449 ms
235 5418 238 5423 ·
319 5420 322 5425 ·
731 5406 736 5417 ¹
995 5368 1000 5403 ι

1134 5386 1251 5455 „w
