4522 5752
2066 219 2108 288 tx

61 401 161 459 uum
195 380 245 486 5,
285 373 342 459 ad
370 371 541 459 Daniel.
555 370 695 483 Voigt
727 375 801 483 ltt,
840 355 906 454 ad'
922 369 1037 454 Petr.
1054 327 1322 453 vincentium
1349 373 1419 460 28.
1490 369 1720 456 Praetereo
1746 371 1923 457 Brentio
1949 373 2106 464 inscri-

59 563 162 661 ptae
203 560 303 638 sunt
339 547 547 663 (nondum
581 545 740 661 editae)
769 553 820 658 2,
870 543 973 633 Seb.
1014 545 1222 629 Birnstiel
1250 549 1300 656 3,
1341 548 1455 633 Noh.
1489 530 1788 632 Buchhotzero
1814 554 1862 660 2,
1906 552 2103 644 Βιῖιιοιιι.

62 727 217 814 holero
245 736 296 838 2,
330 729 392 815 lo.
418 722 599 838 Giganti
621 730 672 838 4,
704 724 954 836 Homburgo
984 726 1033 835 8,
1066 721 1263 809 fleckero
1284 726 1333 838 4,
1366 724 1554 810 Martino
1579 730 1628 840 8,
1664 725 1842 813 Neseno
1866 734 1915 838 2,
1942 731 2103 820 ostan-

66 910 145 993 dro
171 913 221 1019 2,
267 904 491 990 (tehmlero
526 906 577 1014 8,
618 899 875 988 Orthmauno
909 904 958 1014 8,
1009 880 1415 988 Christ.'Paunouio
1442 908 1496 1010 2,
1552 899 1668 990 (luit.
1700 904 2021 996 Reiliensteiuio
2055 918 2102 1027 8,

66 1086 233 1169 Rittero
259 1089 310 1194 2,
343 1083 404 1165 lo.
424 1080 629 1201 Riviod,
674 1077 894 1187 Sophiauo
921 1083 971 1190 2,
1011 1075 1136 1167 Sixto
1167 1081 1219 1189 2,
1253 1077 1465 1162 Wilichio
1487 1082 1537 1190 2,
1570 1078 1845 1169 Winshemio
1873 1090 1921 1199 8,
1957 1087 2104 1175 Was.

67 1287 166 1347 soro
193 1266 234 1352 2
264 1312 323 1329 -
400 1256 617 1368 Singulae
648 1261 805 1368 autem,
851 1254 1032 1341 nondum
1065 1253 1204 1339 editae
1236 1255 1440 1368 leguntur
1478 1256 1534 1341 ad
1556 1259 1773 1370 'Alesium,
1818 1262 2103 1384 Amsdorlium,

68 1442 268 1551 Aristum,
300 1434 603 1547 Aurogzdlum,
637 1434 670 1520 l
698 1456 727 1516 a
749 1431 961 1542 Barthen,
989 1432 1025 1520 1.
1052 1431 1270 1544 aBerge,
1303 1431 1528 1545 Bockium,
1563 1435 1776 1550 Bonuum,
1810 1439 2104 1559 Botticherum,
2143 1482 2152 1497 ’
2237 1538 2244 1545 ,

69 1614 352 1722 Brodeusem,
395 1608 633 1722 Camillum,
677 1605 931 1719 Gellarium,
973 1604 1250 1719 Chytraeum,
1283 1609 1572 1723 Draconitem,
1609 1611 1897 1728 Dryaudrum,
1932 1619 2104 1708 Bhren-

70 1788 268 1900 sriedum,
306 1788 512 1897 Eberum,
546 1785 808 1872 Fridericum
833 1785 995 1871 Ducem
1022 1782 1174 1894 Siles,
1205 1783 1492 1900 Ferinarium,
1526 1784 1779 1903 Gauricum,
1821 1789 1984 1906 Georg.
2010 1764 2116 1884 An·-¹

70 1968 293 2075 traltinum,
335 1959 685 2078 Hegendorlium,
726 1962 1007 2074 ilementum,
1049 1961 1292 2073 Hagecum,
1333 1962 1529 2076 Hostum,
1580 1967 1830 2052 inachimum
1858 1970 2125 2087 illectorem,-

70 2146 388 2252 Kitemannum,
429 2139 730 2250 Kunhemium,
772 2138 1089 2248 Medmannum,
1131 2136 1339 2248 Meuium,
1387 2137 1622 2256 Misenum,
1674 2110 1939 2260 Moibauum,
1984 2151 2106 2237 Nae-

71 2320 457 2428 vium,Pote1um,
493 2314 838 2425 Romscheim,
876 2312 1208 2424 Scirumaunnm,
1251 2309 1554 2429 Stoecketium,
1595 2316 1914 2436 Sebastianum,
1954 2325 2106 2440 Sigis-

71 2442 263 2580 muudum
298 2493 501 2601 Archiep.
534 2490 766 2604 Magdeb.,
818 2490 1056 2605 sagorum,
1105 2488 1391 2605 Victorinum,
1437 2493 1711 2608 Voltandum,
1768 2498 2145 2627 Weiulaubium,

70 2674 268 2780 aliosque
294 2672 467 2782 multos,
507 2692 615 2780 quos
640 2668 860 2755 nominare
888 2671 1064 2781 tongum
1096 2676 1174 2754 est.
1235 2698 1238 2703 ·

146 2866 154 2889 ²
186 2851 339 2933 Insunt
360 2871 526 2959 qnoque
554 2845 760 2957 epistolae
784 2845 1076 2932 Melanthonis
1101 2843 1158 2933 ad
1180 2842 1549 2955 Hardeubergium
1578 2869 1746 2963 omnes,
1789 2852 1933 2939 eodem
1962 2858 2109 2946 ordine
2242 2960 2248 2965 ,

68 3026 310 3131 descriptae
339 3047 422 3136 qno
450 3026 655 3136 leguntur
683 3024 728 3107 in
757 3021 902 3106 libello
932 3023 1057 3109 edito.
1688 2993 1690 2997 ⁵

188 3199 412 3284 Permultis
440 3199 634 3310 epistolis
666 3199 834 3284 additus
864 3208 930 3285 est
958 3223 1118 3312 annus,
1160 3220 1245 3308 quo
1282 3219 1473 3309 quaeque
1504 3200 1663 3309 scripta
1694 3205 1768 3314 sit,
1815 3206 1893 3290 sed
1921 3231 1976 3291 ex
2007 3232 2110 3293 con·
2152 3326 2156 3333 ἱ

22 3352 28 3359 ’
70 3378 237 3461 iectura
263 3375 576 3490 describendis,
609 3378 683 3486 qui
705 3377 750 3460 in
771 3373 1004 3462 deliniendo
1033 3398 1147 3461 anno
1170 3372 1374 3485 interdum
1401 3374 1549 3481 tapsus
1571 3385 1651 3464 ost.
1712 3378 1866 3489 Neque
1890 3385 2027 3469 omnia
2054 3411 2110 3471 ex
2169 3398 2173 3405 ·

70 3551 378 3683 autographis,
412 3549 492 3637 sed
513 3553 640 3638 multa
663 3578 719 3639 ex
743 3553 1008 3667 apographis
1030 3548 1244 3695 descripta
1264 3556 1383 3662 sunt,
1416 3557 1464 3635 ut
1487 3548 1640 3637 docent
1662 3555 1832 3669 menda,
1867 3584 1976 3670 quae
1996 3546 2143 3648 lualid)

72 3752 174 3812 raro
201 3728 420 3813 commissa
448 3736 559 3817 sunt.
1216 3850 1222 3863 Ι

190 3903 333 3988 Valde
364 3905 554 4012 optabam
580 3903 764 4019 quiidem,
806 3914 852 3992 ut
883 3905 976 4015 ipse
1003 3927 1175 4014 possem
1202 3903 1412 4012 inspicere
1442 3902 1551 3992 haec
1577 3908 1810 4022 volumina,
1854 3914 1992 3998 omnia
2024 3938 2113 3999 cum

75 4081 175 4164 atils
206 4079 326 4163 libris
356 4089 398 4165 et
424 4080 595 4193 scriptis
625 4079 841 4194 conferre,
885 4089 928 4168 et
962 4104 1016 4165 ea
1051 4082 1174 4166 etiam
1204 4104 1260 4164 cx
1287 4081 1463 4167 aliorum
1495 4083 1686 4191 epistolis
1713 4107 1966 4201 excerpere,
2004 4115 2112 4201 quae

75 4256 133 4340 ad
152 4212 444 4343 Melanthonis
470 4256 618 4341 literas
645 4254 920 4343 illustrandas
945 4253 1156 4369 lacereut3
1195 4256 1274 4341 sed
1300 4252 1390 4341 lieri
1415 4256 1496 4341 hoc
1523 4257 1783 4342 nullomodo
1810 4265 1953 4370 potuit.
2021 4266 2116 4352 Ne·

76 4459 158 4540 qrre
198 4432 307 4535 enim
340 4431 441 4515 mihi
474 4433 591 4519 timuit
625 4457 679 4518 ea
707 4431 759 4517 de
793 4457 924 4519 causa
956 4432 1036 4518 iter
1064 4432 1109 4520 iu
1138 4430 1322 4518 Galliam
1350 4429 1513 4545 facere,
1560 4456 1697 4542 neque
1730 4438 1928 4524 custodes
1961 4442 2116 4528 biblio·

75 4610 225 4695 thecae
253 4607 395 4697 Paris
421 4608 583 4696 cuidam
611 4609 780 4695 codices
806 4610 996 4722 tradere,
1038 4610 1165 4695 multo
1201 4610 1338 4694 minus
1375 4631 1451 4693 eos
1467 4603 1543 4694 'ad
1575 4617 1747 4694 exteros
1774 4611 1934 4713 mittere
1965 4619 2117 4707 solent

75 4783 181 4870 Feci
205 4782 340 4895 igitur
366 4739 480 4894 quod
493 4781 596 4875 deri
618 4786 762 4898 potuit.
815 4783 985 4897 Scripsi
1010 4783 1067 4872 ad
1094 4781 1276 4871 clariss.
1300 4784 1356 4871 n.
1376 4778 1668 4870 Fridericum
1689 4781 1986 4895 dobnerum,
2025 4793 2117 4881 Go-

77 4959 270 5072 liranum,
310 4959 515 5047 hominem
542 4961 825 5069 doctissimum
853 4970 896 5047 et
920 4962 966 5049 iu
998 4958 1144 5048 Gallia
1170 4968 1213 5046 et
1238 4961 1283 5045 in
1311 4956 1539 5046 Germania
1566 4957 1792 5074 illustrem,
1827 4964 2009 5053 Parisiis
2039 4969 2116 5053 de·

75 5146 270 5248 gentem„
318 5136 459 5246 ibique
495 5138 638 5225 studia
670 5099 883 5224 literanum
919 5136 1176 5225 Graecarum
1211 5140 1573 5245 Romanarumque
1611 5136 1764 5224 eximia
1804 5150 1885 5227 sna
1927 5141 2118 5232 doctrina
2220 5092 2229 5103 ‘

76 5306 246 5397 mirifice
283 5311 513 5424 iuvantem,
562 5322 609 5401 nt
642 5338 719 5401 eas
752 5313 1045 5400 Melanthonis
1081 5316 1251 5426 literas,
1292 5334 1402 5423 quas
1436 5309 1617 5399 nondum
1632 5290 1635 5297 ’
1650 5311 1786 5399 editas
1820 5338 2119 5437 cognoveram,

132 5463 310 5527 numus.
327 5462 431 5529 Onna.
445 5462 528 5529 Vnt..
542 5463 601 5527 IV.
1279 5460 1304 5529 b
1695 5458 1700 5469 ’
