4522 5752
106 214 179 288 eu
691 199 1133 283 aeis-romanu
1173 204 1386 287 ·crr..1x.
1440 142 1583 289 aare}
2087 212 2153 291 aa

213 382 428 476 Quanquam
443 392 560 449 autem
578 378 689 448 multa
702 379 817 449 solent
831 378 1000 459 incidere,
1019 402 1105 471 pro·
1158 392 1271 471 tutem
1286 378 1874 479 eg'rs'giae2Mibiqnedeffltibris
1885 384 2061 483 Ηῄωιὴ
2071 384 2153 457 (3OE.

112 502 191 581 pter
205 508 296 581 quae
307 483 460 559 Senatus
477 475 624 575 vested)
640 480 739 551 domi
751 496 794 551 'te
817 494 851 552 et
873 494 1043 575 tanquam
1067 480 1104 549 in
1157 482 1580 575 maniae.cogitaruipffit
1593 489 1854 576 camisum
1876 489 2069 583 ,liquam
2082 504 2151 581 pm

114 591 254 683 8ΡΜ]8
277 610 350 657 ‘⁸⁵⁰
379 584 517 655 m³¹¹²l²
551 596 669 653 ‘³¹¹²‘ss
691 578 847 653 ΕῑῑῙθδῑῦ
869 596 1007 668 Vestra,
1038 582 1108 655 1)θὶ
1158 588 1336 677 praesidio
1350 590 1938 663 universaadiermaniae-iuturris
1956 614 2039 661 esse
2061 590 2149 660 vide-

115 690 305 771 benefieio,
331 690 380 757 ita
400 687 588 758 constituta
607 700 678 770 est,
702 686 968 779 ut-aliquaudiu
982 710 1108 759 usura-
1159 702 1229 759 tur.
1288 690 1502 785 Quanquam
1523 707 1639 762 autem
1662 706 1864 763 mmmm„
1882 692 2066 763 Ecclesia·
2084 706 2151 763 m„

1161 804 1251 879 tur,
1270 806 1306 863 et
1329 795 1373 863 de
1393 796 1521 865 studiis
1543 797 1776 867 bene-sentit:
1810 810 1935 867 tamen
1954 796 2065 868 etiam
2086 819 2150 865 ms-

113 799 204 865 riam
233 792 287 865 tui
317 813 460 883 operam
489 788 569 857 aliis
594 790 786 857 concedere
809 788 927 881 possit.
988 786 1110 876 Quare

115 922 192 967 ιιοιι
207 896 322 966 solum
339 906 373 963 te
388 886 576 973 adhortor,
601 891 661 959 sed
678 890 783 959 etiam
798 915 882 977 oro,
908 904 949 961 ut
966 913 1110 982 operam

115 1016 213 1069 tuam
227 995 388 1090 Lipsicae
402 987 613 1063 Academiae
632 993 778 1063 deferas.

216 1129 350 1202 Causae
366 1112 457 1195 duale
473 1148 575 1194 verae
588 1138 620 1219 et
640 1148 761 1213 graves
779 1138 872 1195 sum.
911 1124 987 1197 Scis
994 1122 1109 1195 Deum

118 1258 256 1324 semper
279 1224 648 1319 addidisseEcclesiis
682 1228 820 1317 :agmina
854 1228 971 1321 aliqua
998 1229 1111 1298 literis

117 1337 255 1419 dedita,
282 1357 435 1427 quorum
453 1326 521 1399 hoe
538 1330 721 1421 proprium
738 1352 869 1399 relicuus
886 1330 971 1414 luit,
996 1346 1036 1401 ut
1051 1356 1110 1399 ex·

116 1438 342 1533 plicationem
360 1431 626 1524 locupletiorem
643 1432 801 1500 caelestis
827 1433 1008 1502 doctrinae
1034 1456 1109 1501 eer-

116 1544 162 1613 tis
177 1536 388 1609 testimoniis
403 1533 565 1603 traditam
583 1548 849 1617 conservarent,
875 1546 1111 1625 propagarent

116 1660 152 1713 et.
168 1640 408 1711 defenderent.
447 1635 524 1706 Scis
540 1634 586 1703 ita
610 1630 746 1703 scholas
768 1630 933 1705 habuisse
950 1630 1109 1727 Prophe-

117 1764 188 1829 tas,
213 1742 426 1833 Baptistam,
457 1731 660 1816 Christum,
688 1733 891 1828 Apostolos.
950 1736 1002 1807 Ae
1032 1751 1111 1806 tan-

118 1863 194 1917 tum
215 1841 387 1914 momenti
407 1863 445 1907 ea
473 1862 529 1907 res
556 1834 680 1922 habet,
719 1852 775 1922 ut,
799 1839 938 1932 quoties
959 1834 1110 1909 Scholae

117 1946 288 2019 Ecclesiis
312 1944 498 2013 adiunctae
519 1940 708 2031 dissipatae
720 1954 821 2024 suut,
849 1953 909 2009 aut
927 1942 1109 2011 doctrinae

117 2074 227 2141 genus
250 2059 423 2118 mutatum
448 2044 512 2127 sit,
537 2055 598 2112 aut
613 2043 740 2111 densae
754 2038 782 2137 ⁷)
807 2039 1112 2139 tenebraelEccle-

117 2155 207 2223 siam
222 2146 471 2240 oppresserint.
521 2142 662 2215 Accidit
684 2142 778 2212 enim
803 2144 911 2229 illud,
941 2147 1036 2238 quod
1060 2158 1110 2215 est

34 2272 38 2281 '
118 2254 211 2347 apud
227 2243 463 2340 Prophetam:
497 2240 600 2341 Quia
623 2242 793 2342 repulisti
813 2243 1021 2331 seientiam,
1055 2269 1111 2314 re-

117 2352 257 2451 pellam
272 2362 313 2420 tc.
364 2344 521 2439 Agamus
546 2348 653 2437 igitur
666 2348 793 2437 graetiam
808 2346 904 2436 Deo,
930 2350 1025 2443 quod
1044 2348 1111 2417 ali-

119 2458 199 2528 eubi
232 2456 415 2525 literarum
443 2450 611 2543 reliquias
652 2463 820 2543 tanquam
855 2474 897 2519 ex
925 2450 1110 2539 naufragio

120 2556 241 2649 colligi
254 2552 428 2637 concedit,
450 2563 483 2621 et
498 2574 575 2637 nos,
598 2565 772 2644 quantum
788 2574 992 2645 possumus,
1017 2576 1055 2621 ea
1072 2552 1111 2619 in

119 2686 159 2731 re
170 2656 348 2729 Ecclesiae
361 2654 564 2726 serviamus.
605 2650 667 2721 Me
682 2654 824 2746 quidem
841 2648 927 2723 haee
942 2677 1014 2723 una
1028 2676 1112 2723 cau-

118 2788 157 2833 sa
179 2762 218 2829 in
233 2757 442 2839 Academia,
466 2756 504 2823 in
526 2753 654 2823 militia
677 2756 833 2847 profecto
855 2755 1049 2841 laboriosa,
1071 2767 1112 2825 ut

121 2859 214 2933 nihil
229 2862 326 2931 aliud
343 2857 476 2941 dicam,
499 2858 639 2931 retinet.

222 2990 304 3065 Seio
321 3002 356 3059 te
371 2986 450 3057 istie
465 2986 504 3056 in
527 3000 590 3057 tuo
610 3008 758 3056 munere
778 2986 958 3078 praeclare
980 2988 1025 3058 de
1040 2982 1112 3055 Ec·

119 3095 224 3168 clesia
242 3090 387 3163 mereri:
410 3086 480 3159 Sed
496 3085 582 3158 haec
598 3111 680 3179 pars
694 3088 801 3157 etiam
822 3113 895 3157 non
922 3102 975 3159 est
999 3088 1113 3177 negli-

120 3199 244 3290 genda.
294 3190 364 3262 llic
377 3190 564 3261 seminaria
589 3189 778 3258 excolenda
803 3202 904 3276 sunt,
929 3204 970 3262 ut
995 3202 1112 3281 poste-

120 3299 216 3372 ritati
233 3292 480 3391 prospiciatur,
520 3286 652 3386 Haec⁸)
665 3292 785 3360 animo
801 3290 987 3375 intuearis,
1012 3314 1112 3384 quac,

121 3404 149 3472 si
170 3394 320 3472 Scholae
343 3395 596 3475 conticescent,
636 3406 697 3461 aut
722 3392 841 3461 nullos
868 3387 1013 3462 habebit
1036 3390 1112 3460 Do-

121 3520 252 3577 ctores,
278 3511 339 3568 aut
354 3497 569 3578 ineruditos,
593 3496 656 3587 qui
670 3518 744 3563 non
758 3506 927 3585 poterunt
938 3494 1111 3564 sustinere

120 3603 345 3699 praecipuam
364 3598 418 3667 sui
434 3598 591 3666 muneris
612 3609 766 3687 partem,
791 3595 956 3665 videlicet
978 3596 1112 3665 doctri-

122 3702 224 3797 uae⁹)
238 3700 505 3791 explicationem
521 3710 555 3767 et
573 3696 824 3766 ‹lel'eusionem
878 3696 936 3765 An
958 3692 1031 3767 ulad
1047 3720 1112 3767 κο-

122 3814 192 3901 πῆς
216 3799 273 3879 isti
294 3796 337 3873 aci
360 3797 487 3895 βῆμα,
521 3814 562 3870 ιιι
593 3799 678 3869 olim
703 3798 905 3882 dicebatur,
936 3801 1112 3889 produce-

120 3932 202 3979 mus
223 3901 414 3984 Oratores,
453 3903 499 3971 ad
527 3900 684 3969 muneris
710 3900 870 3969 omnium
904 3899 1047 3967 maximi
1078 3912 1113 3969 et

122 4006 324 4079 difficillimi
342 4003 588 4073 functionem?
639 4000 759 4088 Quare
793 4014 827 4069 te
860 4001 966 4070 etiam
1006 4014 1111 4093 atque

123 4112 227 4181 etiam
252 4109 429 4188 obtestor,
456 4118 497 4174 ut
520 4100 611 4171 lianc
635 4104 908 4193 professionem,
938 4102 1112 4171 iuvandae

121 4208 334 4285 Academiae
348 4228 469 4292 cansa,
494 4205 674 4295 suscipias.

223 4341 387 4415 Alterum
420 4350 665 4429 argumentum
698 4335 763 4405 tibi
794 4336 951 4405 fortassis
985 4333 1112 4405 barcam

120 4445 306 4537 regionum
332 4442 454 4532 ignaro
476 4438 657 4508 videbitur
680 4436 803 4506 levius.
860 4438 932 4508 Sed
962 4440 993 4505 si
1026 4439 1113 4531 quid

121 4542 215 4619 mihi
244 4543 304 4614 vel
336 4542 462 4612 iudicii
496 4541 553 4609 vel
574 4538 777 4628 diligentiae
798 4538 836 4606 iu
857 4538 1113 4609 consideranda

120 4646 278 4739 Republ.
294 4644 443 4727 tribuis,
475 4642 561 4712 scito
587 4640 832 4730 gravissimum
858 4663 941 4713 esse.
1001 4640 1114 4713 Lucet

120 4754 162 4822 in
173 4747 272 4822 Duce
287 4740 501 4829 Mauricio,
524 4740 591 4812 Dei
609 4740 797 4824 beneficio,
821 4739 957 4811 indoles
978 4745 1021 4812 ad
1039 4743 1114 4813 vir-

121 4978 351 5001 Ἥ

154 5132 188 5201 6)
205 5129 310 5195 aester]
329 5126 368 5180 sis
384 5122 445 5179 cod.
459 5119 570 5175 Monac.
582 5139 633 5193 pro
644 5132 755 5187 noster,
772 5129 802 5173 ut
817 5118 896 5174 babet
911 5120 975 5175 Pes.

156 5216 187 5282 7)
205 5223 347 5269 mutatum
364 5231 401 5248 -
417 5204 535 5274 musae]
553 5206 616 5260 cod.
631 5204 757 5261 Mauso:
780 5214 945 5271 mutarunt,
960 5208 1078 5261 derisas.

157 5304 186 5369 a)
207 5300 277 5355 Cod.
291 5297 418 5349 mame:
437 5297 519 5346 baur.

141 5388 177 5457 9)
199 5376 509 5442 coemuranae:
528 5376 747 5447 ιιροιίιὲοιιιοι.

1162 893 1338 993 diocrinm
1360 886 1569 993 Drincipuni
1594 898 1899 989 benevolentiam,
1937 922 2016 969 non
2047 898 2150 969 solum

1162 988 1365 1093 assiduitate
1377 1013 1414 1091 pt
1431 999 1570 1091 stadio,
1581 1000 1655 1095 ¹'sed
1668 999 1774 1089 etiam
1793 1014 1868 1071 arte
1884 1002 2043 1095 quadam
2069 998 2150 1069 alere

1162 1111 1197 1169 et
1217 1100 1426 1195 confirmare
1447 1102 1625 1175 cosrvenit.
1670 1102 1756 1173 'Scio
1776 1090 1978 1173 Ecclesiam
2003 1126 2076 1172 non
2096 1102 2152 1173 dc-

1162 1202 1246 1273 bere
1262 1197 1427 1273 humanis
1445 1190 1628 1295 praesidiis
1650 1203 1737 1291 niti,
1762 1230 1826 1276 uec
1840 1200 1934 1275 mihi
1949 1230 2083 1299 quaero
2097 1206 2151 1273 de-

1161 1304 1337 1385 fensores,
1368 1307 1430 1375 secl
1452 1304 1538 1399 ipsis
1559 1304 1808 1397 Principibus,
1832 1304 2037 1393 Ecclesiae,
2069 1307 2151 1399 poli-

1162 1405 1242 1491 tiis,
1267 1408 1442 1503 iuventuti
1459 1431 1524 1478 uos
1538 1410 1721 1481 consulere
1744 1412 1853 1485 decet.
1906 1406 2001 1479 Vult
2015 1406 2110 1479 Deus
2123 1422 2152 1477 et

1163 1496 1423 1579 commonesreri
1438 1508 1623 1603 Principes
1636 1534 1658 1579 a
1673 1496 1777 1581 noliis
1792 1514 1836 1582 de
1849 1511 2084 1609 ,ornamentis
2106 1510 2152 1578 vi·
2191 1514 2196 1527 '

1163 1623 1236 1695 tae,
1270 1623 1305 1680 et
1327 1635 1393 1682 nos
1418 1612 1568 1695 illorum
1592 1612 1744 1699 animos,
1762 1614 1919 1707 quadam
1954 1612 2151 1683 dexteritate

1163 1711 1361 1782 conciliare.
1409 1712 1552 1801 Quanta
1580 1715 1726 1785 comitas
1751 1728 1803 1785 est
1823 1713 1966 1785 Esdrae
1991 1728 2027 1785 et
2042 1710 2149 1784 Nehe-

1163 1815 1255 1889 miae
1271 1838 1352 1905 erga
1367 1812 1501 1905 Regem
1519 1814 1732 1907 Persicum?¹
1772 1816 1871 1911 Haec
1886 1816 2079 1907 diligentia
2100 1840 2152 1883 seu

1162 1911 1426 2008 praehensatio,
1461 1932 1496 1989 et
1524 1916 1799 2003 necessariaest
1826 1932 1861 1989 et
1892 1942 1974 1989 uon
2010 1916 2153 1995 inutilis,

1164 2018 1390 2117 etiamsinon
1412 2042 1550 2112 semper
1569 2022 1771 2113 obtinemus
1791 2020 1940 2111 optima.
1991 2018 2152 2109 Pugnan·

1163 2120 1249 2190 dum
1265 2132 1316 2190 est
1332 2134 1452 2191 tamen
1466 2134 1552 2192 acte.
1603 2119 1772 2214 lmpctrat
1785 2119 1919 2194 Daniel
1937 2120 2097 2192 reditum
2111 2122 2151 2191 ci·

1163 2222 1283 2291 vibus:
1305 2220 1348 2291 Id
1363 2224 1544 2293 decretum
1561 2223 1642 2295 vivo
1655 2222 1751 2319 Cyro
1768 2248 1892 2294 uersus
1906 2236 2088 2293 mutatum
2100 2236 2151 2305 est,

1163 2347 1278 2417 neque
1292 2338 1409 2395 mmen
1423 2322 1553 2395 Daniel
1571 2324 1675 2397 desiit
1691 2326 1814 2395 iisdem
1829 2323 1999 2415 Regibus
2023 2323 2150 2403 servire,

1163 2427 1224 2495 sed
1241 2425 1374 2495 iniuria
1387 2425 1606 2496 dissimulata
1622 2442 1740 2499 manet
1756 2428 1793 2496 in
1807 2429 1979 2511 statione,
2008 2439 2044 2496 et
2060 2450 2149 2495 even-

1163 2540 1226 2617 tus¹
1234 2540 1391 2620 expectat
1405 2530 1632 2599 secundiores
1640 2524 1690 2621 ¹⁰).
1744 2525 1801 2601 dt
1822 2520 1990 2619 δύναται
2012 2526 2149 2617 ἅνθρω-

1163 2654 1231 2711 πος
1244 2622 1451 2725 λαμβάνειν
1467 2624 1598 2715 oridia,
1626 2626 1693 2701 iola
1708 2622 1799 2723 μὴῇ
1824 2624 2040 2723 ‹ledones-‘os‘
2060 2628 2145 2721 αὐτῷ

1164 2730 1205 2825 isc
1224 2736 1303 2803 τῶν
1325 2728 1519 2824 οὐρανῶν,
1548 2732 1669 2825 inquit
1693 2728 1866 2823 Baptista.
1934 2724 2029 2803 Τότε
2050 2722 2112 2803 oris·
2129 2724 2145 2819 a}

1165 2825 1336 2925 ucpoireso
1352 2827 1509 2927 ἡμετέρα
1524 2828 1671 2927 εὐτυχεῖ
1684 2829 1776 2903 ὅταν
1791 2828 1937 2931 ἡγεῖται
1963 2830 2030 2905 scel
2050 2858 2147 2927 χορι-

1163 2930 1257 3033 γεῖὸ
1277 2925 1380 3015 dede·
1404 2927 1522 3007 δεῖδὲ
1537 2929 1750 3033 ἡγουμένου
1765 2934 1862 3006 θεοῦ
1871 2930 1911 3027 ¹¹)
1924 2932 2092 3007 ἕπεσθαι.

1266 3064 1344 3137 Scis
1370 3067 1407 3135 in
1436 3067 1537 3137 omni
1566 3068 1824 3157 gubernatione
1857 3068 2058 3159 plurimum
2087 3088 2147 3135 esse

1164 3192 1432 3239 aerumnarum:
1459 3166 1578 3255 Quare
1592 3192 1658 3239 nos
1673 3170 1929 3241 commoditate
1945 3183 2077 3249 nostra,
2089 3170 2146 3237 sic·

1162 3268 1238 3341 ubi'
1251 3294 1454 3361 possumus,
1480 3271 1584 3341 bonis
1598 3269 1826 3363 Principibus
1848 3272 1968 3340 lenire
1986 3270 2148 3339 molestias

1164 3372 1346 3442 convenit:
1378 3368 1551 3466 ltaque¹²)
1569 3373 1710 3442 facilins
1733 3373 1999 3464 obsequamur,
2027 3365 2150 3445 stulci-

1162 3466 1370 3566 κολώιερον
1384 3470 1435 3567 ¹³).
1499 3472 1577 3543 llac
1607 3487 1669 3544 tua
1702 3474 1872 3545 facilitate
1907 3476 2042 3545 reddes
2068 3468 2151 3545 hune

1162 3572 1366 3668 Principem
1382 3573 1507 3645 studiis
1525 3588 1559 3645 et
1576 3575 1697 3645 ordini
1712 3588 1835 3647 nostro
1850 3576 2120 3649 devinetiorem.

1264 3716 1423 3815 Exposui
1440 3724 1504 3794 tibi
1521 3716 1637 3792 meam
1653 3723 1859 3813 opinionem
1875 3722 2101 3817 simpliciter,
2121 3740 2152 3791 ut

1163 3826 1294 3895 sentio:
1322 3824 1424 3895 Meos
1438 3848 1556 3894 mores
1571 3839 1605 3895 et
1623 3848 1736 3894 meam
1752 3820 2033 3917 Philosophiam
2050 3820 2152 3895 iubos

1164 3951 1289 4017 genere
1316 3923 1462 4021 bene²⁴)
1485 3926 1700 4017 exprimens:
1743 3927 1805 3993 etsi
1841 3948 1924 3995 mea
1948 3922 2082 3999 Oratio
2100 3926 2153 3995 ali·

1165 4030 1440 4124 quantominus
1466 4024 1573 4097 habet
1594 4026 1807 4108 severitatis,
1834 4051 1950 4120 quam
1974 4044 2051 4103 tua.
2097 4028 2154 4101 set

1164 4127 1233 4199 boc
1257 4145 1356 4200 tucrm
1385 4130 1451 4198 iter
1473 4129 1579 4198 etiam
1600 4128 1832 4196 severissimis
1853 4132 2073 4200 censoribus
2086 4154 2155 4223 pro·

1165 4234 1248 4302 bare
1273 4254 1401 4321 posses.
1461 4229 1560 4317 Quid
1582 4230 1678 4299 enim
1700 4222 1891 4299 honestius
1914 4256 2027 4324 quam
2053 4232 2154 4302 iuvare

1164 4332 1280 4401 studia
1296 4346 1329 4401 ct
1344 4329 1562 4401 Ecclesiam?
1613 4327 1737 4419 Quid?
1762 4330 1862 4423 quod
1882 4354 1926 4401 ea
1948 4346 2004 4403 est
2024 4332 2154 4404 civitatis

1165 4433 1371 4524 disciplina,
1397 4457 1436 4501 ea
1456 4432 1644 4501 concordia
1660 4430 1845 4516 omnium,
1870 4434 1940 4527 qui
1957 4436 2087 4507 elocent
2100 4430 2153 4505 Ec-

1165 4535 1306 4618 clesias,
1342 4550 1480 4607 utnon
1508 4533 1688 4603 difficilem
1714 4532 2073 4607 administrationem
2096 4540 2153 4605 lore

1165 4635 1339 4705 arbitrer?
1387 4630 1535 4729 Aliquid
1554 4636 1698 4705 fortasse
1720 4635 1856 4723 negotii
1883 4638 1958 4709 erit
1983 4640 2023 4709 in
2045 4638 2153 4711 cousti-

1166 4876 1393 4893 *ιιι-

1202 5037 1246 5099 10)
1265 5036 1334 5093 cod.
1351 5037 1483 5092 Monac-a
1499 5042 1641 5091 secundos.

1174 5114 1180 5127 '
1203 5122 1247 5183 ll)
1265 5118 1337 5175 cod.
1347 5120 1476 5176 Monac-..2
1496 5118 1641 5193 riy'oapsirp
1655 5122 1721 5191 augi.

1204 5204 1247 5270 ll)
1267 5200 1336 5259 cod.
1350 5204 1480 5258 alonae:
1499 5222 1594 5273 qnare.

1204 5290 1248 5357 ts)
1266 5288 1478 5345 (laubienses
1497 5286 1692 5355 cunclusione.

1204 5374 1254 5442 tt)
1273 5372 1341 5428 eod.
1356 5371 1487 5429 Aluum:
1504 5388 1578 5435 pena
1595 5371 1625 5437 (i.
1639 5390 1663 5425 e.
1680 5376 1792 5441 paene).
