4522 5752
575 208 1009 289 tetstotntttuu
1062 212 1167 291 [ΑΒ.
1198 212 1263 293 IX.
1317 210 1446 289 15⁴2.
1957 219 2034 297 922

87 415 98 461 a
115 389 237 459 literas
248 390 294 459 de
308 378 450 459 Carolo
466 386 597 479 lmpcr.
618 380 715 457 nibil
736 384 833 455 noti'
844 380 984 477 accepi·
1033 384 1140 455 cietas
1153 384 1268 459 adfert
1282 385 1529 481 lacrymarum.
1580 380 1650 457 Sed
1664 400 1784 457 tamen
1803 384 1935 483 siquid
1952 415 2032 461 mo-

128 490 273 563 Utinnm
295 490 441 561 laetiora
470 492 688 561 atllcrantur.
747 486 789 559 Si
814 486 921 557 rediit
943 486 984 555 iu
1034 500 1302 581 nerc'possum‚
1335 500 1371 559 te
1395 488 1501 559 etiam
1525 500 1631 583 atquc
1652 488 1756 561 etiarn
1779 514 1867 577 oro,
1899 504 1940 561 ut
1963 494 2030 562 ali-

92 618 146 677 m,
176 590 272 661 Deus
296 616 377 661 eum
401 592 447 661 ab
472 592 532 661 illa
551 584 916 683 pavottcxt'qtlcelraxil
937 587 983 657 ad
1034 590 1247 683 quantulum
1272 588 1390 660 dolori
1415 604 1477 662 tuo
1509 588 1660 667 resistat.
1725 588 1875 687 Aliquid
1906 594 2030 685 probri
2158 676 2162 689 Ι

87 720 119 763 aa
135 693 375 763 defensionem
391 693 476 765 citra
491 692 642 767 'l'urcna
693 688 839 761 Frustra
855 692 983 759 tortas-
1033 690 1245 781 cogitatione
1271 717 1390 762 rerum
1420 692 1623 763 divinarum
1652 706 1778 787 polest.
1846 690 2030 766 Omnibus

95 794 166 867 Sed
181 810 299 865 tamen
315 796 484 866 admonet
507 794 626 867 ollicii.
676 788 731 862 De
753 786 895 861 scholae
920 814 984 860 ve-
1033 792 1254 885 temporibus
1267 792 1411 865 ecclesia
1427 794 1602 887 premitur
1621 794 1824 885 ingentibus
1839 798 2031 880 aerumnis,

102 896 292 987 praeconio
319 908 378 967 tua
408 892 500 965 milri
533 894 699 967 mandata
727 916 833 965 curae
867 904 983 964 emnt.
1033 919 1073 965 ac
1090 896 1247 987 exempla
1263 896 1398 990 ubique
1411 910 1496 969 sunt
1511 896 1628 971 obvia.
1682 894 1812 970 Vidisti
1835 922 1951 990 nuper
1973 902 2032 969 lu-

87 992 274 1069 oBcrlini
285 998 421 1069 bonum
436 1012 473 1069 et
485 1000 629 1067 ‹lucttrm
643 996 761 1067 virum
776 988 829 1069 N.
838 988 878 1089 *)
895 1018 983 1065 con·-
1033 1010 1172 1087 gentem
1187 1010 1385 1069 matronam
1402 998 1440 1071 in
1454 998 1543 1069 urbe
1559 1012 1677 1071 vestra
1699 1000 1827 1069 medici
1843 992 1990 1070 Lodoci
2002 1000 2029 1089 ¹)

91 1113 226 1185 torem,
264 1124 371 1193 quem
400 1098 571 1191 Princeps
592 1092 757 1168 Marchio
788 1097 982 1167 admodum
1033 1097 1236 1189 contingam,
1262 1124 1352 1195 quae
1375 1100 1499 1173 eodem
1521 1102 1594 1171 lere
1611 1122 1734 1171 mense
1754 1114 1789 1173 et
1809 1102 1976 1172 maritum
1994 1117 2031 1171 et

88 1201 211 1273 iariter
233 1200 436 1292 complexus
456 1203 593 1283 suerat,
626 1223 724 1268 stunc
754 1198 915 1279 extrudi,
948 1211 983 1267 et
1033 1200 1145 1270 lilium
1164 1202 1298 1287 amisit3
1324 1196 1391 1271 hnc
1403 1201 1563 1295 proxima
1577 1214 1718 1289 aestate,
1743 1216 1832 1297 quot
1848 1216 2031 1275 matronae

87 1302 134 1371 lio
161 1326 246 1377 csse.
296 1300 409 1373 Cuius
428 1302 585 1373 artificiis
608 1324 647 1371 ea
671 1322 727 1369 res
749 1300 902 1391 perfecta
923 1298 983 1383 sit,
1032 1314 1068 1371 et
1087 1302 1243 1393 virgines
1257 1298 1425 1375 honestae
1445 1302 1611 1375 aTurcis
1634 1306 1675 1373 in
1695 1304 1930 1376 tristissimam
1955 1332 2031 1377 ser-

89 1403 222 1475 lilsreile
237 1418 289 1475 cst
306 1403 492 1475 coniicere.
526 1402 596 1473 llic
610 1398 680 1473 Dei
695 1400 866 1471 beneficio
882 1415 983 1472 tran·
1032 1402 1181 1475 vitutem
1211 1406 1385 1476 abductae
1411 1418 1507 1479 sunt.
1564 1404 1681 1477 Nimis
1702 1408 1830 1497 longus
1851 1409 2030 1499 catalogus

87 1508 146 1575 itas
167 1518 238 1591 est,
261 1519 297 1577 et
318 1521 359 1577 ut
381 1506 551 1577 diuturna
571 1504 638 1587 sit,
661 1502 767 1574 faciat
784 1500 900 1573 Filius
913 1498 982 1571 Dei
1032 1506 1149 1591 lieret,
1175 1505 1205 1575 si
1220 1507 1340 1577 omnia
1355 1509 1513 1600 exempla
1536 1508 1681 1579 recitare
1695 1508 1845 1593 vellem,
1869 1534 1961 1603 quae
1984 1512 2029 1579 li-

87 1608 219 1691 tanuel,
243 1606 305 1702 qui
319 1605 389 1679 tibi
403 1608 557 1679 faustum
572 1619 607 1677 et
620 1604 758 1675 felicem
772 1628 908 1675 annum
921 1626 982 1673 ve·
1031 1608 1118 1679 teris
1131 1609 1259 1679 tradita
1273 1620 1368 1684 sunt.
1415 1607 1549 1681 Davidi
1564 1610 1731 1701 coniuges
1753 1610 1802 1681 ita
1825 1611 2029 1703 eripieban-

88 1732 143 1777 em
170 1730 244 1779 esse
269 1709 374 1793 velit,
413 1700 674 1799 οἰκοδεσπότης
705 1706 810 1794 longe
843 1704 983 1791 melior,
1031 1723 1110 1791 tur,
1129 1722 1170 1781 ut
1190 1710 1257 1781 filii
1279 1711 1637 1783 scelerecontnmelia
1654 1712 1901 1785 adficerentur.
1953 1710 2030 1785 Cur

87 1832 209 1903 iquos
242 1810 293 1881 sic
316 1806 497 1903 Astrologi
520 1810 718 1881 nominant.
776 1804 876 1879 Bene
891 1807 981 1885 vale.
1031 1826 1150 1883 autem
1165 1806 1363 1885 humanum
1378 1836 1489 1904 genus
1502 1813 1611 1887 tantis
1628 1814 1890 1887 calamitatibus
1910 1816 2031 1887 subie-

87 1906 254 2003 itepbani.
1032 1926 1128 1985 ctum
1141 1914 1208 2001 sit,
1233 1938 1314 1985 cum
1330 1928 1403 1986 tam
1417 1918 1528 1987 durae
1544 1917 1637 2006 leges
1651 1916 1758 1987 etiam
1771 1916 1936 1987 ecclesiae
1959 1919 2029 1987 im-

501 2025 692 2123 Philippus
706 2024 931 2104 Μριῃῃὼοῃ,
1032 2016 1166 2109 positae
1189 2017 1278 2104 sint,
1300 2016 1405 2087 nobis
1424 2016 1569 2111 quidem
1594 2017 1634 2087 in
1656 2018 1800 2089 ecelesia
1814 2016 1911 2091 Deos
1930 2035 2030 2111 pate·

668 2140 674 2150 ·
1031 2118 1115 2190 lecit
1136 2141 1240 2189 suum
1263 2118 1474 2207 consilinm,
1498 2120 1595 2214 quod
1617 2120 1737 2204 lubet,
1768 2122 1869 2193 utin
1891 2116 1948 2191 his
1969 2146 2029 2193 aa·

963 2240 969 2249 ·
1032 2220 1172 2291 cumnis
1187 2221 1256 2291 sibi
1273 2220 1483 2306 serviamus,
1508 2236 1550 2293 ut
1573 2222 1721 2294 seri-ivit
1739 2223 1844 2293 lilius.
1895 2222 2029 2293 Memi-

1032 2322 1119 2393 nisti
1140 2322 1237 2393 enim
1259 2347 1381 2393 vocem
1396 2320 1546 2393 Psalmi:
1576 2318 1748 2395 subditus
1768 2333 1843 2395 cslo
1863 2318 1970 2409 Deo,
1996 2332 2030 2417 et

87 2411 183 2489 aaa
869 2470 879 2489 ·
959 2466 970 2487 ·
1033 2448 1101 2495 ora
1125 2446 1217 2501 eum.
1274 2423 1398 2519 Neque
1428 2418 1515 2497 haec
1539 2426 1677 2497 nullam
1703 2428 1916 2497 levationem
1941 2428 2028 2497 ass'e-

87 2512 165 2542 '⁹
453 2604 461 2625 ,
823 2590 826 2597 .
1031 2541 1129 2601 runt.
1178 2524 1259 2621 lpse
1281 2526 1379 2598 testis
1399 2546 1455 2611 es,
1486 2550 1632 2599 uxorem
1657 2528 1695 2597 in
1717 2528 1942 2601 invocatione
1964 2529 2030 2599 lilii

400 2598 572 2691 Eadem,
1031 2628 1100 2701 Dei
1128 2628 1344 2717 discessisse,
1381 2652 1489 2725 quam
1515 2644 1649 2701 cenum
1677 2645 1730 2703 est
1759 2631 1855 2701 viam
1884 2654 1959 2701 esse
1982 2634 2029 2699 nd

87 2780 165 2855 'ab
178 2779 333 2855 ῬΨ
346 2778 550 2851 ¹⁸⁶⁰⁴¹·²⁰⁰¹¹'·
564 2781 624 2839 ¹⁹¹·
641 2800 669 2856 t·
685 2778 728 2843 ¹⁹·
1031 2731 1536 2905 lllttttlffllt
1561 2732 1624 2905 tl
1643 2732 1933 2907 {tibilim
1947 2730 2029 2907 iii

140 2936 312 3029 „Iusto
335 2934 500 3021 Ionae,
1031 2934 1175 3021 baccae,
1200 2932 1359 3020 Mariae,
1382 2860 2027 3010 temtus.q1nlroesidatitioiursus

89 3040 131 3113 in
145 3052 258 3113 morte
273 3040 424 3125 uxoris,
446 3034 680 3113 Caldorinae
693 3034 880 3113 Fatalis?
1032 3058 1111 3107 cam
1134 3050 1170 3109 et
1190 3034 1329 3106 videbis
1347 3048 1383 3107 et
1401 3036 1644 3129 complectere.
1694 3036 1894 3110 scriberem
1914 3039 2029 3130 proli-

869 3130 872 3137 ’
1031 3136 1127 3223 aios,
1151 3137 1223 3209 nisi
1237 3134 1381 3223 scirem,
1405 3138 1526 3209 omnia
1539 3137 1608 3211 tibi
1621 3152 1706 3209 nota
1720 3162 1807 3227 esse,
1827 3163 1919 3235 quae
1933 3166 1953 3209 n
1967 3166 2025 3210 me

1031 3238 1178 3331 cogitari
1196 3234 1264 3311 hac
1285 3236 1325 3309 in
1339 3262 1380 3309 re
1393 3250 1553 3331 possunt.
1601 3236 1718 3311 Deum
1733 3266 1818 3328 oro,
1842 3254 2028 3313 aeternum

1030 3354 1166 3435 patrem
1187 3341 1390 3413 liberatoris
1411 3340 1525 3413 nostri
1551 3340 1581 3417 l.
1604 3338 1662 3428 C.,
1698 3358 1740 3416 ut
1760 3358 1794 3414 tc
1813 3344 1941 3435 spiritu
1960 3368 2025 3413 sin·

1029 3442 1242 3517 consoletur.
1293 3438 1390 3513 Mihi
1404 3438 1641 3535 semperhaec
1657 3457 1710 3516 est
1728 3446 1916 3538 praecipua
1938 3472 2027 3515 ctist·
2079 3500 2089 3521 ,

1028 3546 1175 3634 solatio,
1200 3546 1297 3640 quod
1311 3544 1418 3615 sciam
1441 3540 1534 3615 hanc
1556 3558 1720 3616 naturam
1741 3542 1927 3619 huminum
1949 3574 2025 3617 raon

1028 3646 1115 3719 lcrri
1128 3670 1223 3723 casu.
1271 3642 1486 3747 Deussacil
1504 3670 1592 3729 nos,
1619 3670 1694 3719 non
1709 3646 1786 3746 ipsi
1796 3672 1876 3725 nos.
1925 3646 2023 3737 Ergo

1029 3762 1065 3819 et
1085 3748 1158 3821 vita
1181 3762 1218 3820 et
1230 3772 1327 3821 mors
1339 3760 1461 3821 nostra
1475 3749 1531 3820 illi
1544 3746 1574 3844 ²)
1593 3774 1696 3821 curae
1708 3764 1825 3827 erunt.
1875 3749 2025 3823 Utinam

1028 3850 1123 3921 lilius
1146 3866 1263 3943 posset
1286 3852 1450 3923 minuere
1478 3850 1690 3923 moestitiam
1722 3854 1837 3925 tuam!
1899 3850 2022 3923 ludica

1029 3976 1108 4024 eum
1125 3953 1222 4025 bono
1237 3950 1382 4045 ingenio
1396 3954 1598 4047 praeditum
1618 3976 1709 4035 esse,
1735 3968 1772 4025 ct
1791 3976 1918 4045 magno
1940 3956 2023 4024 usui

1027 4054 1104 4125 sore
1123 4054 1340 4147 reipublicae
1361 4068 1396 4125 et
1422 4066 1633 4125 ornamento
1654 4056 1740 4131 suis.
1798 4053 1916 4126 Deum
1941 4080 2023 4127 ore-

87 4196 338 4267 tii'bonitntem
363 4208 397 4264 et
420 4193 484 4263 reli
511 4194 601 4265 ionis
633 4197 792 4265 sincerae
819 4196 977 4268 studium
1028 4178 1127 4237 ‘⁰⁸¹⁸’
1152 4169 1289 4227 ”teum
1304 4156 1487 4247 gnbim‘i·
1538 4154 1914 4243 Diffi⁶ss⁰¹¹⁰ffi⁵f¹¹ils
1939 4182 2020 4227 ⁰⁰¹⁰

486 4216 508 4285 g
1027 4256 1288 4351 aliquantulum
1308 4258 1534 4345 confirmare,
1571 4260 1663 4327 adeo
1686 4273 1932 4331 consternatus
1954 4260 2022 4329 luit

87 4297 231 4367 :dilexi
281 4292 358 4367 Etsi
376 4309 493 4365 autem
511 4290 701 4367 lraccmibi
716 4298 906 4369 domestica
921 4300 979 4369 lu-
1029 4359 1041 4377 ,
1469 4361 1478 4377 ,
1600 4360 1610 4377 ‚
1735 4361 1745 4379 ·
1844 4356 1856 4391 ³
1960 4362 1968 4377 ι

91 4422 258 4491 magnum
279 4420 476 4467 moerorem
499 4398 713 4487 mulorum
752 4412 873 4471 nmen
896 4424 977 4469 cum
1028 4360 1208 4479 mtellecta
1230 4372 1344 4429 morte
1372 4373 1513 4447 matres,
1554 4384 1655 4430 curus
1683 4364 1828 4457 quadem
1857 4358 2020 4455 )et1lle

101 4500 287 4591 coniugem
303 4498 342 4567 in
358 4497 422 4568 illo
437 4521 548 4587 agone
569 4500 816 4587 dimicantem,
838 4516 880 4575 ut
903 4515 978 4573 erat
1027 4484 1126 4581 ”3¹3³
1141 4462 1258 4581 muna,
1268 4456 1413 4543 habuit’
1439 4476 1475 4533 ἃ
1495 4484 1559 4553 ‘3⁰
1582 4462 1616 4531 Εἰ
1636 4486 1713 4583 ωῗῑξ
1737 4465 1912 4583 quiedam
1935 4488 2021 4533 ”³¹¹¹-

89 4602 156 4675 lari
176 4600 423 4691 magnitudine
446 4597 579 4685 animi,
614 4626 695 4673 carm
720 4616 754 4673 te
779 4604 976 4676 adstantem
1027 4588 1116 4639 '‘W'‘
1166 4560 1275 4649 ¹⁰⁸⁵¹²
1299 4576 1458 4633 “mum
1471 4563 1634 4635 ‘¹⁰¹⁰f‘m
1648 4564 1833 4657 dffldenlffl
1855 4568 2019 4636 msstlstrit-

92 4728 173 4777 cum
203 4702 450 4773 circumfusam
471 4702 611 4772 turbam
631 4702 827 4775 liberorum
850 4706 979 4797 cogito,
1026 4676 1142 4751 ‘⁸²⁰³’
1160 4688 1206 4733 ¹¹²
1220 4677 1343 4755 augeat
1357 4677 1470 4740 buum·
1519 4662 1618 4735 Bene
1633 4680 1668 4739 ⁰¹
1683 4667 1741 4738 sel·
1755 4668 1845 4743 Villss·
1875 4666 1942 4739 Μ’
1960 4666 2019 4735 1¹²-

87 4804 250 4877 aacriorc
265 4804 389 4874 dolore
403 4802 557 4889 allicior,
581 4828 689 4897 quam
710 4819 785 4878 erat
806 4806 977 4879 domesti-
1025 4760 1157 4837 *¹³⁰⁰ss
1171 4762 1438 4853 Ew'nli‘lssmea
1465 4762 1620 4863 1542·’)

108 4906 230 4997 Quare
244 4904 311 4975 etsi
325 4904 501 4974 consolari
518 4918 553 4976 lc
575 4906 701 4998 cupio,
724 4920 841 4977 lamen
862 4908 974 5001 impe·
1028 4908 1207 4921 m*
1248 4910 1252 4915 ’

87 5006 271 5093 moestitia,
292 5004 364 5075 nisi
385 5008 481 5099 quod
503 5005 715 5079 levationem
736 5007 892 5104 aliquam
914 5033 974 5080 so-

87 3202 212 3277 ymans
228 3179 338 3270 relegi
356 3179 484 3249 itemm
505 3192 613 3275 atque
633 3180 761 3252 iterum
784 3179 980 3272 epistolam,

87 3296 148 3355 ltu
159 3282 359 3378 lacrymans
373 3280 571 3372 scripseras.
596 3278 792 3373 Multiplici
802 3282 898 3352 enim
914 3282 981 3353 do-

87 3384 222 3455 tlbcior.
262 3380 395 3468 Doleo,
421 3397 501 3453 tuos
513 3384 645 3454 liberos
662 3384 804 3453 orbatos
819 3406 892 3454 esse
908 3396 979 3454 tam

87 3486 230 3557 tscdula
252 3497 395 3575 parente
418 3508 459 3553 ac
482 3486 638 3575 custmle.
688 3483 840 3555 Moveor
864 3499 899 3555 ct
918 3508 980 3554 ve·-

87 3602 170 3659 nter
182 3599 246 3657 tuo
259 3588 370 3656 luctu.
423 3584 536 3655 Video
551 3586 647 3655 enim
661 3586 792 3673 vulnus
806 3610 898 3679 pene
910 3586 981 3655 im-

87 3688 196 3761 cabile
213 3700 247 3759 te
259 3684 443 3779 accepisse.
493 3684 542 3757 At
565 3712 662 3759 nunc
677 3687 821 3782 quidem
836 3700 897 3759 tua
913 3688 997 3757 do-·

87 3790 315 3862 domesticum
330 3781 418 3855 milri
436 3788 571 3859 luctum
588 3803 747 3861 renovat.
783 3782 979 3888 Meosra-

87 3906 132 3965 rte
144 3914 303 3962 mensem
315 3902 456 3959 mortun
473 3901 525 3959 est
546 3914 655 3977 uxor,
678 3905 792 3963 mater
816 3892 864 3965 18
888 3891 979 3963 libe-

87 4018 129 4079 n,
153 4007 277 4064 elnon
301 3991 371 4061 alia
397 4015 435 4060 re
456 3991 528 4060 nisi
548 3992 787 4063 foecunditate
810 3994 979 4064 conlecta.

87 4096 105 4165 d
127 4108 163 4165 et
183 4116 341 4163 sororem
358 4088 517 4161 alteram
541 4116 678 4181 recens,
702 4118 810 4189 quam
834 4108 979 4187 propter

1061 4986 1087 5051 Σ)
1107 4984 1240 5034 truamur·
1251 4980 1374 5035 tor-tasse.
1410 4980 1489 5035 Certe
1504 4980 1532 5037 in
1545 4982 1665 5055 epistolis
1679 4984 1810 5057 Spalsliui
1823 4986 2019 5043 medicusllsl-

1092 5050 1175 5105 lentis
1187 5050 1239 5105 boc
1254 5050 1367 5103 nomine
1380 5048 1489 5119 legitor.

1055 5118 1087 5185 2)
1106 5118 1176 5175 cot.
1189 5120 1266 5171 ettae.

87 5210 165 5225 -··
173 5210 198 5221 ··
1054 5186 1083 5249 t,
1099 5186 1202 5241 Excidit
1215 5186 1336 5259 aliquid,
1354 5188 1468 5241 lortasse
1480 5190 1602 5243 onann's.

1053 5260 1083 5325 41
1100 5254 1221 5327 Epistola
1238 5254 1370 5327 &palatini
1397 5254 1579 5311 consolatoria
1602 5260 1636 5313 ad
1663 5260 1756 5313 lanam
1786 5261 1874 5331 scripa
1895 5268 1936 5315 eal
1962 5262 2016 5314 in-

87 5324 188 5380 tubcrt.
209 5342 310 5378 nomen
327 5322 420 5379 tacuit.
457 5324 491 5377 Α.
505 5320 541 5377 l).
559 5322 728 5397 adscriptam
745 5326 824 5381 babel
838 5324 973 5393 tecum
1087 5334 1171 5379 cante
1185 5324 1262 5380 Febr.
1282 5326 1348 5379 anni
1362 5324 1441 5379 tatu.
1471 5324 1533 5381 vta.
1547 5328 1627 5395 epist.
1651 5328 1771 5385 eiusdem
1789 5332 2018 5401 argatrnsutilu·

87 5390 211 5465 lpotius,
227 5402 257 5447 ut
274 5390 341 5447 mibi
354 5394 479 5455 ridetur,
494 5394 626 5449 Alteros.
1088 5392 1160 5449 tberi
1174 5394 1200 5449 d.
1212 5398 1255 5452 25.
1267 5398 1369 5451 Declr.
1385 5394 1459 5451 asta.
1539 5405 1546 5419 ¹
