4522 5752
218 240 266 315 19
309 263 315 269 ·
437 169 440 175 ’
768 224 1209 307 nersrocanuu
1257 222 1367 307 nm.
1402 221 1505 304 vm.
1558 220 1694 303 1541.
2198 228 2253 303 so

216 414 346 497 morbo,
370 432 565 503 repugnare
587 406 770 499 diligentia
794 405 1024 485 deberemus,
1055 415 1090 481 et
1112 397 1209 473 Deus
1254 412 1355 484 mus,
1380 420 1426 468 ne
1448 419 1533 467 voce
1550 397 1709 467 dicerent
1726 398 1922 489 sententias
1946 412 2017 472 tres
2041 396 2119 486 illi,
2144 412 2206 473 aut
2221 400 2255 473 si

217 516 304 587 velit
327 510 434 585 huius
456 508 660 583 certaminis
683 501 925 607 ἀγωνοθέτας
949 529 1023 577 esse
1046 499 1209 575 homines
1256 500 1320 594 qui
1341 500 1403 570 alii
1423 498 1619 585 dissensuri
1643 513 1758 571 essent
1774 525 1794 570 a
1811 496 1946 571 maiore
1962 524 2124 576 numero.
2176 497 2256 575 Aut

218 619 341 689 doctos
369 614 573 707 praesertim
608 607 831 700 Theologos,
863 631 978 702 >quam
1012 604 1210 677 detestandi
1256 598 1325 672 hoc
1338 602 1604 672 concedendum
1621 613 1684 671 aut
1698 603 1903 674 abeundum
1918 616 2004 677 crat.
2054 601 2160 674 Nacti
2173 625 2256 675 era·

219 734 302 789 sunt
335 718 494 810 plerique
527 715 642 785 verius
668 709 855 807 Cyclopes,
889 734 996 803 quam
1023 704 1210 796 Theologi,
1257 726 1336 773 mus
1352 703 1571 775 occasionem
1586 703 1822 797 abrumpendi
1836 704 1945 800 totius
1966 705 2100 799 negotii
2114 700 2174 775 hic
2196 705 2257 776 in-

220 817 368 915 qui-boc
392 820 509 911 ipsum
528 817 686 889 studium
710 813 932 905 aspiciendae
954 823 1102 881 naturae
1124 832 1213 879 con·
1257 806 1383 881 stituti.
1441 801 1565 898 Itaque
1595 805 1740 876 luerunt
1770 806 1982 894 certamina,
2015 819 2138 879 utrum
2164 813 2257 879 esset

220 935 404 1005 temnunt,
430 942 495 989 nec
518 920 587 988 alia
608 918 702 987 bona
723 914 978 1007 praestantiora
1001 924 1062 982 aut
1080 910 1212 994 vident,
1258 907 1397 979 utilius:
1432 906 1611 998 disputavi
1632 907 1671 975 in
1684 921 1860 1004 utranque
1877 923 2033 1005 partem,
2056 909 2115 980 vel
2133 911 2257 1002 potius

221 1038 283 1095 aut
304 1021 504 1117 quaerenda
532 1032 677 1112 putant,
709 1041 816 1110 quam
838 1040 897 1101 ea,
929 1039 1020 1108 quae
1045 1024 1214 1105 expetunt
1257 1010 1312 1080 sui
1327 1003 1506 1093 hortator,
1532 1021 1574 1079 ut
1589 1009 1633 1078 de
1653 1003 1722 1080 hoc
1743 1011 1894 1082 articulo
1911 1011 2257 1103 diligeutcr'delibe·

222 1122 265 1196 αἱ
279 1116 474 1216 ἐπιθυμίαι
495 1124 686 1194 λυσσῶσαι
706 1113 770 1190 καὶ
792 1112 907 1214 ὁρμαὶ
930 1109 1099 1195 ἀτάκτως
1116 1107 1212 1186 κατὰ
1259 1124 1410 1182 caretur.
1457 1108 1551 1180 Nam
1572 1123 1723 1182 statuere
1746 1114 1934 1198 nolebam,
1960 1126 1994 1183 et
2010 1113 2095 1200 scis,
2122 1113 2160 1182 id
2179 1136 2255 1183 non

222 1230 314 1322 ῥοῦν
331 1218 544 1322 φερόμεναι.
597 1222 668 1293 Sed
684 1245 749 1290 nos
764 1218 880 1290 Deum
905 1242 1063 1303 oremus,
1088 1231 1128 1288 ut
1147 1218 1214 1286 bo-
1261 1236 1333 1284 esse
1355 1211 1470 1283 nostri
1490 1212 1660 1286 muneris.
1722 1208 2063 1313 ὃτετραγωνιστὴς
2083 1216 2258 1285 acerrima

221 1353 352 1400 norum
369 1327 485 1396 studia
500 1340 534 1395 et
548 1325 692 1393 adiuvet
707 1336 741 1391 et
756 1322 937 1413 approbet.
968 1317 1043 1417 ‚De
1060 1343 1215 1389 conven-
1261 1316 1422 1386 oratione
1446 1337 1567 1383 suasor
1586 1313 1656 1383 tuit
1680 1316 1916 1410 abrumpendi
1941 1317 2131 1410 colloquii,
2156 1332 2192 1389 et
2217 1318 2258 1385 in

223 1447 262 1500 tn
279 1442 310 1500 et
327 1431 369 1498 de
385 1426 530 1499 caeteris
544 1424 693 1515 negotiis
709 1447 747 1493 ea
764 1447 853 1517 quae
870 1418 1047 1491 habebam
1061 1413 1215 1489 Ioaclzi-
1260 1441 1317 1487 me
1330 1417 1509 1487 absentem
1525 1414 1609 1485 satis
1622 1416 1787 1488 atrociter
1799 1419 1958 1489 invectus
1973 1431 2037 1492 est.
2088 1417 2159 1489 Sed
2175 1419 2258 1512 pla·

224 1556 283 1601 mo
312 1530 446 1621 scripsi.
512 1527 609 1598 Bene
641 1526 721 1594 vale
755 1525 813 1598 ta.
836 1521 1012 1607 Ianuarii,
1043 1519 1216 1592 MDXLl.
1262 1519 1336 1589 cuit
1356 1518 1520 1611 pluribus
1537 1517 1710 1588 sententia
1732 1520 1901 1593 timidior.
1952 1517 2167 1592 Concessum
2190 1520 2260 1612 igi-

223 1631 503 1704 Honestissimae
527 1643 606 1700 tuae
627 1628 770 1716 coniugi
793 1638 829 1696 et
850 1624 1062 1695 dulcissimis
1082 1624 1217 1709 liberis,
1263 1633 1340 1705 tur,
1364 1633 1406 1690 ut
1418 1618 1564 1710 scriptas
1578 1621 1769 1691 sententias
1783 1616 1983 1708 exhibeant,
2008 1621 2102 1716 siqui
2117 1622 2240 1692 dissen

225 1736 310 1821 tibi,
335 1730 513 1802 Ecclesiae
537 1746 571 1801 et
585 1728 755 1821 Reipubl.
774 1740 858 1820 opto
882 1725 1217 1817 faustum'selicemf
1264 1723 1373 1795 tirent
1389 1745 1409 1790 a
1425 1721 1599 1813 pluribus.
1642 1717 1717 1790 Iam
1731 1746 1811 1794 cum
1827 1724 1932 1792 instet
1947 1723 2177 1818 colloquium,
2201 1725 2240 1793 vi

227 1862 295 1932 que
311 1859 456 1908 annum,
1264 1827 1310 1895 de
1323 1823 1598 1894 inconstantiam
1612 1823 1856 1910 voluntatum,
1888 1824 1969 1895 illos
1984 1826 2080 1918 ipsos
2098 1826 2241 1917 poenite

1047 1933 1049 1937 ’
1264 1923 1407 1997 consilii
1429 1925 1505 2009 sui,
1532 1925 1594 2017 qui
1616 1926 1762 1997 fuerunt
1783 1939 1923 1996 aratores
1942 1927 2134 1997 sententiae
2159 1927 2241 1997 timi

1265 2027 1389 2099 dictis.
1440 2025 1511 2096 Sed
1534 2049 1614 2095 cum
1632 2022 1749 2097 adhuc
1768 2053 1789 2098 a
1810 2028 1915 2098 nobis
1929 2029 2109 2098 moderate
2122 2040 2158 2099 ct
2177 2050 2231 2118 gr·

176 2155 179 2165 ¹
240 2189 272 2258 N
322 2188 420 2257 2121
1058 2142 1188 2253 ¹31OE
1265 2129 1358 2200 viter
1371 2127 1491 2196 omnia
1508 2139 1583 2196 acta
1598 2151 1671 2197 esse
1688 2128 1851 2213 iudicem,
1874 2129 1994 2199 animo
2009 2129 2254 2222 tranquillior

228 2212 441 2321 *gv-..2
1041 2224 1214 2303 ᾠ-ἰ
1266 2242 1408 2322 expecto
1431 2227 1606 2320 reliquam
1627 2229 1908 2324 dimicationem,
1935 2245 1970 2302 et
1988 2231 2083 2301 tucri
2107 2254 2259 2302 consen·

1181 2405 1187 2413 ,
1220 2410 1223 2415 ,
1266 2356 1346 2402 sum
1367 2343 1572 2400 nostrorum
1595 2332 1763 2412 studebo,
1799 2355 1839 2402 ac
1863 2330 1981 2402 Deum
2003 2334 2193 2423 precabor,
2218 2356 2245 2403 u

691 2516 700 2531 Ι,
725 2516 728 2521 ,
797 2520 800 2525 ¹
1267 2436 1342 2527 ipse
1365 2448 1400 2506 et
1420 2444 1555 2502 mentes
1578 2446 1795 2527 nostramet
1809 2433 1957 2505 consilia
1972 2447 2007 2505 et
2028 2448 2176 2506 eventus
2194 2457 2242 2525 gu

298 2547 383 2621 Epist.
397 2545 431 2602 ad
445 2543 585 2601 Gamerar.
603 2563 630 2617 p.
642 2543 692 2600 stt
705 2562 765 2617 sqq.
784 2542 837 2614 (ed.
850 2542 939 2598 Lond.
955 2540 1004 2629 lib.
1016 2540 1066 2600 1V.
1085 2561 1128 2615 ep.
1140 2538 1222 2612 m).
1267 2538 1402 2607 bernet.
1590 2614 1593 2619 ι
1975 2594 1985 2604 ,

435 2629 438 2635 ’
1180 2654 1185 2662 “
1344 2634 1425 2706 Tua
1439 2634 1742 2729 epistolamagnae
1757 2630 1848 2705 mibi
1863 2637 2038 2731 voluptati
2051 2638 2131 2723 fuit,
2156 2661 2235 2731 pra

1269 2738 1389 2809 sertim
1408 2738 1449 2807 in
1462 2761 1502 2808 ea
1519 2751 1635 2829 parte,
1660 2740 1700 2807 in
1722 2763 1791 2832 qua
1813 2739 2004 2830 significas,
2029 2754 2082 2826 te,
2106 2737 2178 2810 Dei
2210 2774 2236 2801 .-

1270 2841 1413 2922 neficio,
1438 2840 1644 2910 meliuscule
1660 2841 1789 2914 valere.
1840 2839 1895 2911 De
1918 2865 2043 2913 somno
2057 2842 2154 2935 quod
2174 2863 2211 2911 sc
2231 2839 2242 2859 '

233 2923 275 3035 S·
303 2941 347 3014 D.
398 2938 449 3012 Ut
462 2939 611 3010 Proteus
626 2939 820 3009 consumtis
837 2940 1004 3009 omnibus
1020 2939 1112 3010 dolis
1135 2937 1225 3008 rcci—
1270 2942 1344 3026 bis,
1371 2955 1463 3011 certe
1484 2940 1618 3032 incipio
1643 2943 1734 3011 serio
1759 2967 1779 3012 a
1800 2935 1846 3012 F
1841 2936 1967 3013 ucdsio
1990 2943 2196 3024 dissentire,
2226 2965 2246 3013 e

123 3076 125 3081 ·
233 3046 288 3138 pit
312 3045 463 3137 primam
492 3040 712 3112 et·nativam
745 3041 913 3131 liguram,
945 3042 996 3111 sic
1022 3039 1225 3126 adversarii,
1271 3044 1338 3115 tibi
1357 3043 1530 3134 rigatione
1552 3043 1704 3133 largiore
1721 3068 1810 3135 opus
1826 3067 1899 3114 csse
1915 3054 2048 3129 statuo,
2074 3069 2145 3139 qua
2162 3043 2203 3113 in
2250 3077 2261 3103 ι

233 3161 421 3240 postquam
445 3139 505 3213 hic
527 3143 643 3212 varias
671 3136 815 3211 technas
843 3155 1044 3229 tentarunt,
1075 3143 1226 3213 redeunt
1271 3159 1390 3221 tamen
1406 3144 1610 3215 observabis
1625 3168 1702 3230 usu,
1726 3147 1811 3239 quid
1827 3147 1939 3236 magis
1952 3148 2136 3218 conducat.
2185 3140 2236 3216 Es

235 3250 279 3318 ad
294 3249 446 3341 primam
463 3245 596 3335 negotii
610 3237 802 3338 πρότασιν.
847 3241 1028 3335 incipiunt
1043 3247 1225 3315 ostendere
1271 3261 1312 3317 ut
1325 3246 1442 3341 vides,
1467 3246 1556 3315 sicca
1572 3250 1702 3340 κρᾶσις
1717 3249 1770 3317 tui
1786 3249 1954 3341 corporis,
1980 3249 2110 3319 ettalia
2126 3260 2259 3340 tempe-

235 3374 332 3442 spem
355 3369 570 3438 congressus.
619 3341 735 3416 Antea
753 3345 855 3415 valde
877 3347 1048 3438 pugnavit
1069 3339 1118 3419 L.
1135 3338 1226 3415 Gel—
1273 3361 1430 3419 ramenta
1442 3347 1576 3417 maiore
1594 3348 1777 3436 diligentia
1793 3351 1923 3419 tuenda
1942 3363 2035 3424 sunt.
2086 3347 2259 3420 Menunc

236 3450 329 3532 lius,
352 3465 405 3530 ut,
428 3447 559 3517 omisso
575 3446 718 3539 publico
737 3470 935 3538 congressu,
960 3449 1064 3540 pauci
1080 3449 1225 3542 quidam
1273 3452 1367 3520 leves
1380 3450 1484 3521 etiam
1500 3451 1819 3520 commotiunculae
1834 3450 1945 3520 animi
1959 3452 2155 3522 admodum
2169 3446 2256 3520 affli-

235 3540 405 3646 utrinqne
427 3549 554 3620 delecti
578 3548 814 3618 deliberarent
828 3551 982 3621 breviter
997 3551 1041 3619 de
1063 3540 1225 3619 modera·
1272 3564 1371 3642 gunt.
1421 3550 1493 3622 Sed
1507 3550 1610 3620 video
1631 3564 1746 3620 actum
1769 3575 1842 3620 esse
1865 3555 1909 3622 de
1932 3576 2009 3622 mea
2031 3553 2124 3635 vita,
2150 3574 2256 3646 eoque

236 3656 333 3726 tione
357 3650 689 3724 controversiarum.
739 3647 787 3719 Et
811 3665 912 3720 erant
927 3675 969 3720 ex
992 3652 1140 3735 nostris,
1164 3650 1226 3744 qui
1272 3653 1383 3744 magis
1410 3654 1454 3722 de
1478 3666 1538 3722 tua
1563 3674 1641 3720 sum
1665 3653 1834 3729 solicitus.
1891 3652 1980 3723 Nam
2006 3654 2216 3747 qualiscun·

237 3759 282 3826 ab
296 3752 364 3827 hoc
381 3754 529 3825 consilio
544 3776 619 3821 non
633 3745 891 3837 abhorrebant,
917 3752 973 3820 vel
991 3753 1075 3845 quia
1089 3766 1173 3822 sunt
1187 3751 1226 3820 in
1271 3753 1430 3846 Respub.
1449 3756 1569 3823 sutura
1586 3767 1656 3835 est,
1682 3754 1781 3826 Deus
1804 3756 1957 3849 aliquam
1973 3750 2169 3825 Ecclesiam
2187 3777 2227 3833 se.

237 3873 351 3944 metu,
377 3857 434 3925 vel
449 3855 532 3949 quia
547 3853 817 3944 gratificandum
837 3855 1011 3945 putabant
1025 3847 1074 3922 L.
1089 3847 1226 3926 Gellio.
1272 3857 1388 3940 vabit,
1424 3856 1483 3924 cui
1511 3868 1570 3924 tua
1595 3856 1711 3925 studia
1737 3857 1923 3947 profutura
1947 3870 2040 3926 sunt.
2097 3852 2243 3927 Omnim

237 3961 276 4032 Si
294 3957 498 4054 quisalius,
525 3978 588 4046 ego
603 3968 695 4026 certe
711 3967 745 4024 ct
759 3979 878 4045 pacem
896 3968 1030 4046 expeto,
1055 3970 1089 4027 et
1107 3956 1227 4048 publi·
1273 3981 1399 4047 magna
1414 3971 1447 4028 et
1461 3956 1577 4025 fatalis
1590 3958 1739 4028 mutatio
1756 3983 1874 4029 rerum
1896 3959 2095 4051 impendet,
2126 3957 2245 4029 etiams

238 4086 297 4133 cae
321 4058 588 4153 tranquillitatis
609 4078 712 4126 causa
740 4058 850 4126 multa
874 4057 1129 4127 dissimulanda
1153 4081 1226 4126 esse
1273 4084 1347 4129 non
1362 4064 1545 4129 sumentur
1561 4082 1659 4128 arma
1675 4074 1820 4152 propter
1828 4057 2041 4148 Relligionis
2057 4073 2259 4131 controver-

237 4161 498 4256 semper'sensi.
547 4156 619 4229 Sed
637 4169 755 4227 tamen
779 4159 941 4250 exposui,
964 4159 1050 4252 quid
1068 4153 1226 4228 mihivi-
1272 4162 1352 4236 sias.
1403 4158 1557 4230 Possunt
1580 4162 1692 4231 multa
1722 4156 1984 4259 npuvahweoi
2015 4175 2108 4231 certa
2131 4160 2260 4251 colligi,

238 4268 383 4352 deretur
403 4263 475 4353 agi,
511 4258 692 4352 proposito
717 4258 780 4329 illo
803 4262 1005 4350 angustiore
1031 4261 1225 4354 colloquio:
1273 4286 1347 4332 non
1371 4284 1411 4330 ex
1435 4261 1623 4354 disciplina
1646 4276 1785 4345 tantum
1803 4259 2043 4352 Astrologica,
2074 4262 2259 4334 sedetiam

237 4367 403 4436 videlicet
423 4376 464 4433 ut
485 4364 624 4433 fucosae
641 4360 900 4431 moderationes
920 4376 1227 4454 componerentur.
1273 4364 1427 4456 politica.
1478 4362 1679 4434 Turcorum
1694 4387 1883 4449 successus,
1903 4360 2217 4435 ElectoruminG

236 4466 311 4538 Has
332 4467 405 4536 dixi
423 4488 479 4534 me
499 4487 565 4534 nec
580 4463 793 4553 scripturum
809 4487 875 4532 nec
894 4465 1127 4556 probaturum
1143 4487 1227 4550 esse,
1272 4466 1391 4535 mania
1406 4465 1587 4550 dissensio,
1613 4466 1798 4536 minantur
1812 4463 1907 4535 haud
1922 4468 2030 4536 dubie
2046 4460 2130 4553 huie
2146 4466 2236 4537 nati·

237 4570 294 4641 vel
314 4568 344 4637 si
359 4566 491 4638 Gallici
513 4578 548 4634 et
562 4562 749 4656 Hispaniei
764 4564 934 4635 exercitus
950 4568 994 4635 ad
1017 4581 1156 4658 portam
1171 4589 1226 4635 es·
1273 4569 1313 4636 ni
1329 4567 1561 4637 mutationem
1579 4564 1735 4660 Reipub.
1786 4565 1907 4639 Audio
1925 4592 2002 4637 rem
2019 4568 2059 4660 in
2076 4566 2240 4639 Pannoni

238 4685 326 4745 sent.
354 4663 539 4739 .Christus
561 4667 632 4736 iam
655 4665 816 4737 aditurus
838 4690 974 4737 crucem
997 4682 1158 4759 precatus
1175 4681 1228 4739 est
1273 4669 1461 4738 infeliciter
1476 4669 1561 4757 geri.
1610 4664 1759 4742 καὶτὸν
1774 4662 2034 4765 αὐτοκράτορα
2057 4666 2155 4767 φασὶ
2175 4674 2245 4743 stol

238 4786 389 4866 patrem:
433 4767 539 4839 Pater
562 4766 738 4838 sanctifica
765 4762 825 4837 eos
850 4769 889 4837 in
917 4770 1094 4854 veritate,.-
1111 4793 1226 4840 sermo
1273 4764 1375 4851 λάκις
1393 4772 1531 4857 torota,
1557 4794 1662 4864 quem
1685 4771 1830 4864 quidem
1854 4772 1961 4841 audio
1984 4773 2078 4842 intra
2102 4772 2255 4845 ῐιίἀιιιιιι

137 4932 140 4939 .
236 4889 320 4946 tuus
336 4873 465 4942 veritas
481 4884 543 4957 est.
582 4867 681 4960 Quid
697 4881 815 4940 autem
830 4870 1003 4956 aliudest,
1023 4894 1128 4964 quam
1143 4867 1227 4941 huic
1272 4887 1461 4944 venturum
1478 4871 1630 4963 Spiram.
1680 4872 1749 4943 Sed
1766 4875 1810 4943 de
1824 4867 1892 4941 hoc
1911 4873 2060 4942 scribam
2074 4875 2173 4947 alias.

236 4975 433 5069 precationi
448 4971 648 5056 reclamare,
672 4966 877 5062 praestigias
893 4972 1077 5042 offundere
1094 4974 1227 5044 doctri·
1350 4972 1513 5045 Gratiam
1536 4974 1604 5044 tibi
1627 4968 1740 5044 habeo
1762 5000 1827 5066 pro
1851 4974 2032 5044 versiculis
2057 4976 2195 5061 missis,
2225 4998 2261 5045 a·

236 5100 303 5149 nae
321 5078 360 5145 in
374 5071 531 5145 Ecclesia
547 5072 785 5143 necessariae?
825 5072 933 5144 Visus
950 5097 1029 5143 sum
1045 5073 1150 5143 etiam
1166 5099 1227 5144 ve-
1272 5076 1428 5145 vicissim
1448 5076 1550 5145 mitto
1575 5071 1736 5165 Elegiam
1753 5069 2017 5171 Christop'ltori
2037 5078 2083 5146 ad
2100 5074 2241 5147 Granv

237 5177 435 5250 hementius
457 5175 557 5268 loqui
579 5175 803 5269 quibusdam.
860 5173 929 5246 Sed
948 5175 1128 5246 intellecta
1149 5201 1226 5246 mea
1272 5178 1358 5250 lum.
1408 5171 1693 5268 Composuissem
1709 5178 1784 5269 ipse
1802 5170 1955 5270 aliquid,
1976 5178 2036 5247 sed
2053 5176 2182 5248 Musae
2197 5202 2240 5248 n·

189 5329 196 5336 -
237 5282 428 5363 voluntate,
452 5277 582 5346 omissa
598 5290 649 5346 est
663 5276 796 5348 mentio
812 5277 909 5347 illins
924 5276 1138 5368 angustioris
1153 5280 1226 5348 col·
1271 5281 1328 5351 bis
1341 5281 1381 5349 in
1396 5273 1452 5350 his
1465 5280 1568 5363 rixis,
1594 5279 1777 5374 aliquanto
1798 5280 1918 5349 minus
1934 5280 2039 5349 etiam
2054 5294 2150 5369 sunt,
2160 5279 2249 5365 fami

497 2364 645 2451 lauch.
676 2361 936 2485 Camertum.

208 2701 392 2779 ¹‘Clurt'sn
415 2712 447 2773 et
469 2700 605 2801 optimo
628 2699 706 2771 viro
730 2696 761 2770 I
766 2695 974 2772 oachimo
1006 2689 1224 2771 Camera-

344 2805 413 2876 rio
426 2800 711 2898 Bambcrgcnst'
731 2801 851 2874 amico
872 2827 941 2873 suo
961 2825 1116 2890 summo,

124 5428 131 5453 .
238 5383 359 5475 loquii.
417 5380 544 5451 Postea
571 5381 758 5450 decursum
782 5395 834 5453 est
855 5404 916 5466 eo,
947 5394 988 5452 ut
1006 5379 1227 5473 permittere·
1271 5384 1395 5469 liares,
1427 5405 1533 5475 quam
1563 5380 1660 5456 alias.
1689 5378 1772 5473 ,Ea
1794 5405 1885 5476 quae
1913 5375 2082 5479 περὶτῆς
2107 5385 2261 5482 φυσικῆ·
