4522 5752
103 204 180 281 atr
691 190 1128 273 EPISTOLARUM
1175 192 1380 279 Luttx.
1431 192 1562 283 tttt.
2073 196 2135 277 iii

107 384 195 449 ciram
220 356 340 447 reddis
362 370 635 465 explicationem
657 370 890 441 recentiorem
911 381 947 439 et
965 366 1103 439 acutio-
1148 364 1333 462 losophiae
1346 380 1504 463 partem,
1535 366 1662 463 inqua
1678 382 1859 457 versatur,
1882 362 2137 464 proveheretur.

111 506 207 565 rem,
245 490 404 548 secutum
432 498 518 547 esse.
580 470 688 545 Soleo
717 484 877 542 accurate
902 472 1103 541 discernere
1149 470 1220 543 Sed
1245 470 1432 565 aliquoties
1454 470 1522 563 ipsi
1544 470 1639 553 dixi,
1671 472 1794 541 mein
1811 496 1854 543 eo
1871 472 2076 565 plusculum
2089 498 2136 545 so-

111 594 271 677 peccata,
295 601 385 673 quae
403 571 551 647 haerent
567 574 605 643 in
622 574 774 659 renatis,
807 572 995 665 apeccatis
1016 596 1104 642 con·
1149 572 1298 643 craticae
1320 566 1569 665 philosophiae
1590 572 1813 661 desiderare,
1847 592 1965 671 quam
1994 576 2137 647 fortassis

111 700 164 755 tra
182 680 445 754 conscientiam.
495 674 536 747 ld
551 674 741 746 discrimen
758 688 798 746 tu
818 687 899 767 apte
924 674 1043 743 reddis
1065 672 1104 741 in
1149 675 1335 765 adiunget,
1368 698 1449 744 cum
1473 674 1541 744 erit
1562 676 1827 766 paterfamilias.
1875 674 1974 747 Nam
1998 677 2137 749 eadere

111 809 233 857 versu:
268 780 417 874 Siquid
441 778 760 869 agiprudensetc.
810 774 913 847 Hanc
930 788 1067 869 partem
1076 768 1104 869 ¹)
1150 776 1303 867 cogitare
1318 798 1400 846 eum
1412 774 1585 851 intellexi.
1635 772 1771 868 Scripsi
1786 778 1833 847 ad
1850 800 1963 871 euru²
1986 791 2030 871 ut
2050 780 2138 851 nobis
2171 776 2174 844 i

112 884 342 958 necessariam
365 880 463 951 rides
483 878 765 971 praetermissam
783 877 823 947 in
838 877 977 969 gnomis
989 870 1105 969 Nopi.
1151 872 1291 948 etmihi
1308 876 1472 969 planede
1491 898 1553 947 sua
1575 876 1759 949 voluntate
1780 893 1816 950 et
1838 882 1885 949 de
1911 892 2075 971 ternpore
2092 906 2137 953 rs·

111 988 299 1059 Caeterum
318 981 481 1054 libellum
504 993 606 1051 tuum
628 981 787 1073 approbo
810 992 845 1051 et
868 980 1024 1049 editione
1049 975 1106 1047 di·
1150 978 1248 1051 ditus
1268 979 1492 1071 respoudeat.
1540 973 1663 1049 Audio
1679 970 1922 1051 Pertacttuin
1935 978 2138 1076 Noribergse

112 1112 222 1181 guum
255 1078 428 1179 iudico²).
485 1082 639 1173 Legetur
665 1107 684 1151 a
712 1082 782 1172 piis
809 1094 844 1152 et
871 1078 1038 1151 studiosis
1063 1093 1107 1152 ut
1151 1104 1245 1167 esse,
1278 1080 1341 1173 qui
1362 1076 1521 1151 fortassis
1546 1082 1592 1151 ad
1617 1104 1681 1151 vos
1705 1076 1864 1174 pertrahi
1888 1096 2026 1177 posset.
2080 1082 2137 1157 sat

111 1188 277 1281 Prosperi
303 1186 572 1277 epigrammata,
606 1182 736 1275 quibus
755 1178 947 1271 Augustini
964 1194 1107 1251 sentcn—
1134 1170 1215 1273 'ego
1235 1205 1300 1252 nec
1322 1182 1542 1252 voluntatem
1567 1204 1633 1253 nec
1654 1206 1769 1252 mores
1783 1184 1859 1254 eius
1876 1184 1981 1260 novi.
2034 1172 2137 1257 Colli-

112 1291 179 1362 tias
195 1291 256 1359 ille
271 1286 438 1359 reddidit.
472 1282 631 1357 Salutem
645 1296 728 1373 opto
746 1278 983 1355 Wencesluo.
1009 1278 1106 1352 Bene
1151 1278 1298 1353 mitium
1320 1282 1445 1353 dicunt
1466 1283 1512 1354 ab
1534 1306 1576 1353 eo
1597 1282 1830 1357 inclementer
1849 1300 2049 1359 tractatum
2068 1308 2138 1365 esse,

112 1407 146 1465 et
162 1392 310 1464 feliciter
323 1388 422 1473 vale,
446 1385 624 1457 carissime
638 1380 806 1459 Matthee.
830 1388 894 1461 22.
912 1384 1004 1458 lolii.
1151 1380 1216 1455 Est
1232 1385 1324 1477 apud
1342 1407 1408 1455 nos
1425 1378 1614 1455 Erasmus
1629 1377 1808 1473 Flaccus,
1839 1388 2077 1459 mediocriter
2093 1386 2139 1461 in-

1151 1499 1305 1557 structus
1332 1486 1516 1568 doctrina,
1554 1510 1661 1581 quem
1689 1490 1963 1581 surrogabimus
1984 1482 2139 1577 Rhclito,

406 1658 414 1665 ,
902 1656 905 1661 ,
1151 1586 1182 1657 si
1202 1610 1269 1659 nos
1290 1612 1320 1657 rs
1339 1587 1543 1681 reliquent,
1573 1590 1719 1659 vrdetur
1739 1586 1831 1661 mihi
1855 1614 1966 1683 posse
1989 1592 2139 1683 prodesse

112 1670 312 1803 Q·
928 1674 1101 1799 Q
1151 1683 1302 1764 scholae.
1352 1686 1444 1759 Nam
1457 1702 1493 1759 et
1507 1690 1689 1781 perspicue
1703 1691 1823 1779 docet,
1855 1704 1894 1764 et
1915 1716 1997 1763 non
2019 1692 2139 1766 fastidit

452 1822 509 1909 Β,
543 1822 765 1912 Μῑΐήορἱο.
1152 1814 1277 1883 operas
1295 1785 1531 1865 scholasticas.
1579 1788 1755 1862 Fortassis
1778 1806 1899 1865 autem
1924 1818 2005 1865 uon
2027 1795 2141 1867 desunt

1152 1892 1255 1963 vobis
1282 1892 1362 1964 istic
1386 1890 1594 1968 mediocres.
1658 1890 1731 1963 Sed
1758 1910 1993 1989 expectemus
2021 1895 2139 1969 litteras
2173 1976 2176 1981 ,

184 1984 270 2059 Epist.
282 1982 331 2040 lib.
344 1982 379 2039 ΙΙ.
396 2000 423 2055 p.
434 1980 495 2038 itt.
514 1979 591 2051 (edis.
604 1978 691 2038 Lood.
705 1980 752 2040 tib.
766 1978 801 2037 u.
820 1998 864 2053 ep.
877 1979 950 2047 840.)
1152 1986 1313 2065 Rham·
1720 2028 1726 2033 .
2173 1996 2176 2017 =

304 2112 641 2192 DaBssrsurdo
664 2110 919 2191 Mistobio.
1252 2123 1420 2197 Politiam
1453 2114 1596 2198 scholae
1623 2126 1765 2199 allatam
1793 2128 1923 2201 sviro
1947 2112 2137 2205 Clarissimo
2172 2058 2176 2082 Ι

113 2226 162 2319 S.
174 2238 221 2317 D.
254 2238 359 2313 Hanc
372 2233 570 2330 Epistulam
584 2235 671 2335 ¹(ledi
683 2234 856 2327 Magistro
871 2230 910 2305 T
909 2231 1109 2325 ilemanno,
1151 2220 1343 2299 liudoviw
1364 2219 1411 2297 F
1403 2218 1534 2298 ⁰0d81'0
1557 2228 1627 2317 leti
1651 2228 1805 2301 libenter
1826 2244 1865 2303 et
1887 2232 2022 2323 probo·
2074 2230 2136 2305 lii

115 2348 174 2419 cui
196 2342 303 2415 audio
322 2339 604 2410 commendatam
625 2360 700 2408 esse
722 2338 1015 2429 gubernationem
1036 2336 1109 2411 Ee..
1152 2331 1270 2401 aditus
1282 2324 1351 2411 ξὺν
1365 2328 1446 2423 θεῷ
1452 2378 1465 2415 ,
1492 2330 1537 2399 ad
1552 2329 1720 2417 meliora,
1751 2332 1891 2403 etiarnsi
1912 2334 2039 2407 subito
2059 2334 2136 2405 otet-

116 2448 242 2519 clesiae
255 2433 549 2515 Northsmsnss's.
586 2436 655 2509 Vir
665 2440 802 2525 doctus,
828 2433 1008 2528 honestus,
1029 2464 1109 2531 gra-
1153 2432 1231 2502 neti
1256 2428 1377 2501 ⁰mssitt
1399 2454 1475 2500 ¹¹⁰ss
1497 2443 1664 2523 potumi,
1703 2434 1998 2527 quaerentum.
2052 2432 2134 2507 Niht

115 2550 222 2621 viset
239 2546 406 2639 piusest,
439 2564 550 2635 quare
571 2562 652 2611 eum
674 2540 742 2611 tibi
763 2544 985 2618 commendo.
1033 2542 1108 2615 Nec
1152 2534 1197 2604 de
1212 2532 1286 2603 suis
1299 2531 1454 2623 legibus,
1484 2527 1580 2602 nihil
1599 2534 1646 2604 dc
1666 2532 1727 2603 illa
1742 2530 2000 2625 collegarum,
2031 2550 2132 2609 utro-

117 2650 243 2723 dubito
258 2660 292 2717 te
310 2644 544 2737 probaturum
558 2665 632 2712 esse
645 2664 762 2714 mores
780 2642 875 2729 eius,
898 2644 962 2717 ubi
976 2668 1109 2737 cogno-
1152 2647 1252 2719 cant,
1275 2630 1470 2729 οἰκονομίᾳ
1486 2633 1627 2727 decerpi
1641 2636 1770 2712 sinent.
1823 2634 1980 2707 Interim
1995 2640 2131 2731 ergodo-

117 2752 222 2824 vcris.
274 2742 553 2819 illustrissimam
568 2740 771 2836 Principem
785 2743 892 2813 velim
914 2740 1007 2816 mihi
1029 2747 1109 2839 pla-
1152 2750 1213 2807 tur
1228 2759 1353 2829 opera,
1375 2747 1417 2805 ut
1430 2733 1470 2803 in
1484 2734 1673 2807 auditoriis
1685 2736 1824 2832 aliquid
1838 2738 1934 2811 boni
1948 2738 2022 2817 fiat.
2054 2738 2131 2813 sot

117 2853 209 2937 cari,
250 2872 334 2923 nam
361 2859 508 2937 pmpter
538 2836 686 2917 Giton·
715 2844 989 2919 inconstantiam
1015 2844 1108 2919 milri
1152 2840 1236 2910 bam
1252 2838 1327 2931 ipse
1343 2838 1388 2907 ud
1403 2828 1625 2911 Facltsl'um.

116 2972 320 3028 succensere
342 2948 485 3021 dicitur.
534 2942 583 3017 Et
603 2942 745 3017 silentio
766 2960 829 3019 tuo
852 2972 1015 3036 moveor,
1046 2951 1109 3021 sed
1252 2967 1307 3042 De
1330 2966 1504 3057 classico,
1540 2954 1638 3065 quod
1662 2994 1800 3043 meeum
1825 2983 1861 3043 [ρ
1886 2972 2132 3067 disputatum

117 3080 197 3127 mea
211 3053 310 3125 nulla
327 3048 431 3141 culpa
447 3062 508 3121 est.
558 3043 677 3166 llomo
692 3046 819 3120 Gallus
833 3050 957 3120 maluit
971 3050 1010 3120 in
1024 3048 1109 3171 Mg-
1152 3070 1347 3163 ,tgnjfiQ
1380 3086 1480 3164 pope,
1503 3086 1543 3144 m
1565 3070 1709 3166 quidem
1730 3072 1852 3144 omnia
1878 3098 2044 3163 meeum,
2072 3086 2133 3145 m.

118 3161 169 3229 sia
203 3156 324 3226 vivere
355 3162 501 3244 propter
524 3147 745 3235 Dialectum,
784 3165 819 3222 et
851 3152 996 3223 fortasse
1025 3176 1110 3247 quaa
1154 3198 1260 3269 quam
1283 3188 1398 3243 tecum
1419 3174 1518 3267 loqui
1539 3198 1630 3268 qu„
1651 3174 1716 3248 vi„
1779 3173 1850 3246 sed
1877 3176 1949 3247 sci,
1978 3200 2055 3248 „011
2079 3198 2133 3247 m

119 3260 304 3355 Mysnicae
328 3252 443 3344 gentis
463 3250 625 3323 comitate
650 3250 854 3325 delectatur.
910 3249 1022 3345 Spero
1045 3276 1109 3324 ros
1153 3272 1222 3346 110c
1236 3287 1397 3345 nostrum
1410 3282 1547 3367 poema,
1596 3273 1649 3346 Ne
1671 3275 1762 3345 illud
1785 3276 1937 3369 quidem
1962 3280 2050 3351 satis
2068 3278 2134 3363 scio,

118 3362 217 3436 hunc
247 3358 424 3431 Smnem
453 3347 719 3461 Tilemssnnuln
756 3354 868 3445 ΠΨ
898 3356 1110 3449 P¹¹⁰b³i¹¹f⁰⁸
1153 3378 1251 3449 uude
1274 3372 1314 3445 hi
1332 3376 1485 3468 impetus
1502 3376 1573 3448 orti
1589 3378 1670 3451 sint.
1720 3375 1792 3448 Sed
1806 3375 1929 3447 Deum
1946 3404 2087 3471 precor,
2105 3392 2135 3453 a

119 3487 205 3536 csse.
255 3458 340 3529 Mea
356 3454 586 3527 vobisofficia
601 3477 676 3523 non
696 3455 858 3527 deerunt.
906 3453 1024 3529 Deum
1045 3480 1109 3527 oro
1154 3502 1214 3549 ω,
1230 3480 1413 3569 gubernet,
1463 3477 1662 3550 scriberem
1677 3479 1781 3569 plura
1798 3480 1843 3549 de
1859 3472 1921 3549 his
1935 3480 2028 3573 ipsis
2042 3484 2137 3569 rebus

120 3581 161 3639 ut
189 3563 333 3634 adiuvet
359 3569 499 3674 nostrps
518 3552 634 3626 Duces
656 3557 823 3681 adrersup
847 3552 967 3677 hostes
988 3552 1111 3677 Evan-
1155 3604 1230 3650 „012
1252 3580 1349 3673 quod
1370 3580 1503 3651 nostris
1526 3579 1826 3673 disputationibus
1848 3573 1942 3651 hacc
1971 3584 2047 3673 regi
2071 3606 2137 3675 pos·

119 3666 222 3759 delii,
253 3676 287 3733 ‘i
309 3662 367 3729 ‘¹⁰¹
386 3656 563 3748 P¹³⁰¹d³¹¹¹
584 3679 851 3751 καῖασῖθθφην
871 3654 956 3729 h¹¹¹⁰
971 3684 1112 3750 Pfflcu·
1155 3682 1244 3767 sint,
1269 3681 1329 3751 sed
1345 3682 1390 3751 ad
1406 3682 1598 3751 levandum
1615 3680 1773 3751 animum
1788 3692 1895 3751 tuum
1914 3683 2139 3767 solicitudine,

119 3772 195 3841 toso
212 3762 337 3836 motui·
386 3757 485 3828 Βθῐὶθ
508 3758 586 3828 Vile
607 3770 642 3828 θῑ
667 3760 831 3829 mellite·
879 3758 948 3832 Die
962 3759 1112 3851 Magda·
1156 3784 1185 3853 si
1217 3782 1373 3876 prospici
1399 3782 1481 3852 finis
1511 3780 1678 3853 humanis
1705 3782 1860 3873 ingeniis
1884 3799 2023 3876 posset.
2076 3784 2138 3857 Nisi

118 3874 231 3944 lenae.
1154 3882 1262 3955 Deus'
1274 3883 1447 3976 placidam
1468 3879 1726 3977 Catastrophcn
1748 3883 1909 3969 dederit,
1944 3888 2083 3959 infinita
2098 3910 2140 3959 rss

122 4032 1109 4059 ....---------—-------
1157 3984 1240 4056 erit:
1281 3984 1312 4053 si
1342 3986 1520 4055 accederet
1549 3986 1655 4055 etiam
1681 3988 1751 4057 τοῦ
1773 3977 1960 4080 Kotptiiov
1984 3988 2140 4073 interitu,

201 4132 302 4207 2526
955 4140 1002 4207 25
1038 4134 1088 4199 hl
1157 4110 1247 4181 quae
1263 4086 1442 4157 distractio
1460 4086 1695 4172 Germaniae,
1726 4109 1816 4180 quae
1837 4111 1968 4159 rerum
1991 4092 2140 4163 mutatio·

120 4142 314 4267 NQN'
374 4206 377 4211 ’
933 4180 1107 4256 0202
1157 4211 1220 4258 nes
1243 4186 1512 4279 impenderent?
1572 4186 1726 4259 Memini
1749 4182 1838 4259 haec
1862 4190 2054 4285 disputare
2075 4194 2139 4263 illos

392 4279 542 4366 Ioacit.
574 4276 832 4367 CamerariO.
1158 4290 1253 4382 ipsos
1274 4312 1394 4381 saepe,
1434 4288 1497 4383 qui
1517 4312 1614 4360 nunc
1634 4304 1719 4359 sunt
1739 4289 1779 4359 in
1799 4290 1930 4367 armis,
1994 4292 2070 4385 Ego
2088 4290 2137 4363 hx

187 4446 273 4501 Eira.
287 4442 321 4498 'a
334 4438 464 4497 camera
490 4455 518 4509 p.
532 4434 584 4491 ω
594 4453 635 4509 sq.
654 4434 707 4504 (et.
721 4434 815 4491 tout.
828 4434 877 4491 tis.
892 4434 940 4493 w·
956 4456 990 4511 ep
1011 4436 1087 4505 m.)
1157 4414 1229 4461 una
1246 4392 1343 4461 nitor
1363 4383 1535 4475 anchora,
1567 4404 1603 4461 et
1622 4390 1768 4485 quidem
1790 4414 1915 4479 sacra,
1949 4408 1993 4467 ut
2013 4396 2135 4467 elicitur:

212 4466 229 4518 Ρ
464 4478 472 4495 ’
990 4477 999 4496 ’
1158 4493 1256 4586 quod
1278 4515 1352 4562 non
1374 4492 1501 4562 dubito
1525 4488 1719 4562 Ecclesiam
1733 4489 1810 4563 Deo
1835 4516 1950 4565 curae
1969 4510 2006 4569 et
2027 4508 2135 4569 cssett

121 4584 283 4667 Clarias.
307 4592 340 4655 el
368 4590 439 4682 opt.
465 4578 545 4649 viro
569 4572 597 4647 Ι
602 4568 742 4648 (taciti
748 4600 814 4648 ΜΟ
840 4566 1113 4654 camerario
1157 4596 1313 4664 futuram
1326 4615 1410 4663 csse.
1458 4590 1576 4662 llodie
1598 4593 1703 4664 etiam
1727 4591 1864 4663 litteras
1881 4612 2033 4691 expecto
2047 4622 2134 4671 esra·

172 4682 463 4782 Banabergenss'‚
488 4680 607 4751 amico
621 4702 690 4749 suo
703 4702 865 4763 summo,
890 4675 1058 4781 Lipsiae.
1158 4694 1260 4780 stris,
1290 4694 1330 4763 in
1352 4693 1481 4788 quibus
1503 4695 1533 4763 si
1553 4694 1639 4787 quid
1653 4693 1739 4779 erit,
1763 4697 1863 4789 quod
1881 4697 2132 4791 significando!

118 4808 164 4899 S.
191 4822 236 4899 D.
280 4816 420 4891 lndulsi
435 4813 541 4887 aetati
556 4812 670 4883 nostri
682 4805 851 4900 Rhatiai,
875 4827 917 4886 nt
930 4816 1112 4909 ingenium
1158 4796 1279 4868 amieis
1300 4794 1479 4905 rideatur,
1502 4819 1586 4867 mox
1599 4796 1664 4868 tibi
1682 4794 1904 4889 impertiam.
1958 4800 2129 4885 Beuersle

119 4928 222 5027 quasi
236 4923 391 5021 quodam
400 4910 655 4989 Enthusiasmo
668 4912 853 4986 incitatum
866 4918 912 4987 ad
926 4912 1113 5013 hanc-phi.
1157 4896 1216 4970 die
1232 4894 1365 4972 lacobi.
1876 4910 1880 4917 ·

136 5070 142 5087 '
1715 5026 1914 5127 Philippus
1935 5034 2094 5111 Melsutls

156 5142 185 5203 l)
202 5138 232 5192 in
245 5132 308 5192 sod.
318 5129 422 5187 Parias
437 5126 563 5195 prrsdens
575 5133 604 5178 te
614 5124 687 5179 irone
696 5133 821 5192 partem.
2088 5190 2091 5195 Ι

155 5228 186 5291 2)
207 5218 272 5275 Vid.
282 5236 325 5289 ep.
340 5217 367 5272 d.
379 5217 405 5269 4.
420 5216 486 5287 Apr.
501 5208 578 5265 tttt.
611 5208 811 5265 verosimiliter
826 5212 908 5341 ifflr
921 5214 988 5273 haee
1000 5219 1111 5305 epinota

181 5276 777 5431 5aa¹a:<.¹.aatt²a.taara
791 5278 860 5407 tf.
873 5302 1113 5413 ..tutat
