4522 5752
109 219 185 293 oss
689 210 1130 339 rnrsronanun
1182 212 1386 295 cmlx.
1441 180 1617 303 :sse
2081 208 2160 287 oss

114 406 150 461 ct
173 393 336 463 comedat
357 404 487 462 terram
512 390 679 463 omnibus
702 390 840 466 diebus.
898 387 1112 461 Maledictus
1161 388 1296 457 mnndi.
1330 385 1378 459 Ec
1392 389 1422 456 si
1436 387 1498 480 qui
1513 386 1644 457 cadunt
1659 385 1698 454 in
1713 378 1782 456 hoc
1796 384 1950 479 praelio,
1977 407 2153 479 nusquam

115 494 195 578 ille,
220 495 283 588 qui
299 495 457 565 ambulat
471 514 579 585 super
592 507 714 586 peetus
729 515 846 567 suum.
883 485 938 562 So
952 487 1041 562 will
1051 487 1111 561 ich
1159 503 1210 560 cst
1228 514 1323 560 mors
1338 490 1551 583 speciosior,
1578 488 1733 574 dulcior,
1758 486 1992 580 praeclarior,
2018 489 2152 579 glorio-

114 589 374 689 dunnsagsn,
405 619 495 665 wan
518 586 583 664 s'ltr
601 591 700 665 mich
714 593 848 693 frugi,
875 592 935 664 s's’o
949 589 999 664 s'sl
1014 592 1110 664 mein
1158 593 1246 677 sior,
1282 616 1388 687 quam
1413 616 1493 663 cum
1517 605 1613 663 tanto
1637 615 1716 682 rege
1730 585 1875 662 Christo
1898 590 2022 661 cadere
2043 603 2079 661 et
2095 613 2152 660 re-

115 690 491 797 unstatlinlcommm,
503 689 615 779 suited,
628 689 717 782 rods,
729 687 828 766 hell.-
842 695 879 767 id
890 708 954 782 est,
965 695 1108 767 simeln
1157 717 1310 785 surgere.
1360 691 1564 765 Cecidimus
1578 717 1651 766 uno
1666 694 1724 763 die
1736 690 1945 785 Hagenoae,
1970 688 2151 764 Urbanus

112 800 311 870 novissimo
337 799 469 870 iudicio
491 796 782 891 interrogaveris,
822 795 906 888 Quo
927 800 1108 890 corruptio
1142 790 1301 891 JRegrus
1315 809 1350 868 et
1366 818 1446 888 ego:
1475 798 1536 867 sed
1552 795 1720 882 vicimus,
1751 797 1896 889 quando
1914 795 2001 867 certi
2016 796 2152 866 fuimus

114 915 150 972 et
163 901 305 972 illuvies
318 915 400 972 tuae
415 913 564 972 naturae
578 898 760 994 pervenit,
789 897 963 972 nimirum
983 924 1109 994 pecca·
1155 899 1326 970 victorem
1347 913 1382 970 et
1402 892 1699 992 triumphatorem
1714 920 1787 968 esse
1801 893 1997 975 Christum.
2047 895 2151 968 Ceci-

111 1007 211 1089 tum,
241 1025 339 1074 mors
358 1016 394 1075 et
414 1002 602 1074 infernus?
649 1000 907 1095 Respondebo:
931 997 1108 1074 Diabolus
1156 1002 1286 1072 derunt
1317 995 1502 1070 Eobenus
1535 997 1695 1082 Hessos,
1736 992 1954 1096 Grynaeus,
1993 986 2150 1096 Capito,
2203 1077 2212 1096 ,

111 1099 202 1175 hoec
216 1104 413 1176 devoravit:
446 1103 604 1176 manebit
618 1102 681 1174 ille
696 1126 812 1176 novus
826 1099 935 1176 homo
949 1104 1025 1178 filio
1039 1101 1107 1178 Dei
1155 1096 1389 1198 Polyonder:
1422 1103 1482 1173 sed
1503 1102 1655 1173 victores
1674 1102 1763 1188 iam,
1789 1103 1993 1174 conculcato
2012 1119 2047 1174 et
2062 1126 2150 1172 con·

112 1205 261 1293 similis,
285 1205 348 1301 qui
363 1202 690 1279 secundumllcum
705 1218 842 1278 creatus
855 1218 919 1282 est.
1153 1205 1247 1275 fosso
1262 1199 1360 1276 hoste
1376 1228 1441 1298 per
1456 1197 1659 1290 Christum,
1685 1203 1850 1275 existunt.
1902 1201 1979 1274 lmo
1998 1229 2073 1275 non
2090 1228 2148 1274 ce-
2243 1254 2246 1261 ,

190 1305 247 1378 Te
259 1331 343 1379 vero
360 1332 437 1390 oro,
453 1310 615 1381 obtestor
625 1320 660 1379 ct
673 1308 816 1394 adiuro,
837 1306 890 1379 mi
904 1305 1106 1380 doctissime
1154 1307 1335 1392 ciderunt,
1374 1308 1435 1377 sed
1461 1306 1512 1375 in·
1529 1305 1716 1378 victoriam
1744 1318 1779 1376 et
1799 1306 1908 1376 vitam
1930 1307 2156 1400 irruperunt,

112 1421 148 1480 et
157 1408 348 1480 fortissime
356 1404 648 1505 Spangeubcrgr',
670 1411 816 1505 qnando
830 1409 930 1481 vides
943 1433 1011 1483 nos
1023 1433 1106 1482 cum
1155 1422 1190 1481 et
1204 1408 1295 1479 illud
1310 1407 1443 1480 Psalmi
1457 1420 1615 1481 cantant:
1649 1406 1722 1503 lpsi
1738 1407 1887 1501 obligati
1899 1422 2001 1491 sunt,
2035 1423 2070 1480 et
2090 1433 2147 1479 ce-

111 1510 260 1583 emerito
275 1506 414 1584 Davide
436 1536 510 1584 non
535 1535 636 1606 posse
657 1511 752 1584 exire
772 1513 819 1583 ad
836 1507 1106 1601 bellaDomipi,
1153 1511 1332 1582 ciderunt:
1374 1534 1441 1581 nos
1463 1523 1582 1582 autem
1611 1510 1849 1597 surreximus,
1889 1522 1925 1581 et
1951 1512 2058 1583 erecti
2085 1534 2146 1581 su-

109 1613 172 1683 sed
189 1613 351 1684 recodere
366 1615 412 1685 ad
432 1614 664 1706 praesidium:
696 1627 738 1686 ut
758 1611 904 1686 interim
925 1613 1104 1710 reliquum
1151 1636 1248 1701 mus,
1273 1626 1338 1685 etc.

108 1712 201 1785 belli
221 1727 346 1786 contra
367 1714 634 1789 incircumcisos
654 1709 883 1803 Philistaeos,
918 1715 1105 1788 seditiosos
1250 1712 1411 1787 Psalmos
1431 1729 1512 1786 tuos
1526 1716 1815 1809 poenitentiales,
1840 1729 1875 1787 et
1890 1715 1979 1786 alios
1994 1735 2084 1808 quos
2100 1713 2145 1783 ad

92 1811 361 1908 ,Absolonitsm
391 1823 428 1888 et'
446 1816 617 1915 reliquia
635 1831 819 1911 portarum
838 1816 991 1906 inferni,
1014 1829 1104 1891 stre-
1151 1841 1208 1888 me
1223 1816 1370 1905 misisti,
1403 1817 1565 1913 quotidie
1582 1842 1672 1912 pene
1687 1820 1781 1912 lego:
1816 1831 1852 1890 et
1871 1818 1975 1889 valde
1996 1817 2147 1886 delectat
2245 1896 2249 1901 ¹

105 1940 183 1990 une
197 1916 409 2011 perficiatis,
433 1931 469 1992 et
482 1918 647 2014 pugnetis
661 1918 820 2007 fortiter,
841 1932 984 1993 strenue
1000 1932 1035 1993 et
1047 1920 1103 1991 ri·
1150 1942 1226 2005 me,
1251 1916 1426 2013 Spiritum
1439 1933 1601 1991 sanctum
1615 1921 1716 2018 loqui
1728 1924 1769 1993 in
1782 1917 1940 1994 Ecclesia
1952 1919 2060 1990 variis
2073 1918 2147 1988 lin-

65 2116 68 2121 ·
104 2018 238 2097 riliter.
292 2015 399 2093 cero
424 2034 476 2095 est
497 2021 670 2095 victoris:
693 2034 730 2095 et
750 2021 934 2094 confossus
955 2034 1008 2095 est
1029 2022 1103 2093 dux
1150 2021 1229 2113 gnis
1251 2036 1288 2095 et
1305 2021 1422 2108 sonis,
1452 2020 1493 2092 in
1507 2021 1676 2111 Psalmis,
1700 2026 1861 2117 organis,
1885 2035 1922 2097 et
1944 2022 2062 2094 omnis
2084 2040 2167 2112 ge-·

103 2120 197 2195 belli
210 2121 361 2197 istorum
374 2121 490 2198 tribus
505 2122 660 2212 lutosis,
683 2135 721 2199 et
738 2120 854 2198 vietus
868 2136 922 2199 est
935 2120 1103 2221 princeps
1150 2122 1247 2197 neris
1263 2124 1380 2198 modis
1394 2136 1430 2198 et
1444 2123 1602 2206 vocibus.
1650 2125 1763 2202 Datae
1779 2125 1842 2207 42.
