4522 5752
18 243 23 248 ’
63 243 136 315 221

521 413 621 487 alx.

64 543 118 607 De
136 544 312 607 Ecclesiae
328 541 543 606 hierarchice
561 543 697 621 ordisse,
719 555 753 606 et
777 549 812 605 s'ss
833 547 1065 608 connituessda

373 644 499 725 politia
511 648 705 708 autoritate.
715 644 762 726 ¹¹),

166 763 227 834 Sic
242 778 360 835 autem
376 786 504 858 corpus
519 763 616 835 istud
639 765 844 861 mysticum,
881 790 922 834 ex
945 767 1066 838 multis

64 866 234 937 memhris
268 879 571 956 coagmentatum,
609 866 835 960 temperavit,
877 880 918 938 ut
952 893 1063 939 unum
1158 933 1166 948 ,

65 966 213 1037 alterius
236 991 344 1058 opera
365 969 560 1058 indigeret,
593 982 628 1039 et
649 971 745 1062 quod
770 970 1007 1061 praestantius
1031 981 1065 1040 et

64 1068 224 1139 nobilius
239 1075 310 1155 est,
336 1070 528 1159 ignobilius
552 1084 587 1141 et
608 1069 784 1141 infirmius
808 1095 884 1140 non
906 1073 1063 1163 despice-

65 1181 139 1256 ret,
163 1195 235 1264 quo
253 1171 395 1240 nullum
410 1186 499 1242 esset
513 1171 552 1240 in
567 1195 713 1264 corpore
734 1167 904 1257 schisma,
931 1172 1000 1244 Sed
1025 1172 1064 1241 in

64 1271 103 1340 id
118 1272 235 1363 ipsum
251 1272 386 1344 solicita
402 1274 475 1344 sint
488 1275 666 1355 membra,
693 1287 749 1360 ut,
776 1273 908 1368 siquid
931 1276 1065 1365 patitur

10 1384 17 1393 ·
64 1396 180 1444 unum
194 1375 412 1460 membrum,
437 1375 698 1467 compatiantur
714 1390 867 1461 caetera,
898 1377 971 1445 sive
997 1372 1064 1446 ho-

65 1475 275 1548 norificatur
295 1500 411 1547 unum
433 1478 651 1561 membrum,
691 1479 937 1568 congaudeant
957 1478 1063 1548 simul

67 1591 101 1648 et
116 1578 239 1647 omnia
258 1579 429 1653 membra.

168 1677 374 1774 Unicuique
397 1702 480 1769 ergo
502 1680 664 1751 membro
686 1681 766 1752 data
789 1694 842 1751 est
854 1682 985 1771 gratia,
1009 1705 1063 1752 se·

65 1781 225 1851 cundum
247 1805 449 1852 mensuram
476 1782 683 1852 donationis
701 1776 854 1868 Christi3
893 1806 975 1853 nam
997 1784 1061 1854 etsi

64 1882 223 1975 id'e'msit
234 1881 405 1974 Spiritus,
419 1897 535 1953 tamen
552 1883 745 1956 divisiones
760 1884 951 1975 gratiamm
969 1899 1063 1972 sunt,

64 1984 161 2052 idem
185 1984 231 2054 sit
251 1982 445 2070 Dominus,
481 1986 684 2055 divisiones⁴
698 1998 822 2056 'tamen
846 1982 1064 2057 ministerio-

64 2109 148 2155 rum
168 2098 270 2171 sunt,
302 2088 396 2155 idem
417 2086 464 2156 sit
485 2083 592 2173 Deus,
625 2088 688 2180 qui
708 2102 874 2180 operatur
888 2088 1008 2159 omnia
1023 2088 1062 2158 in

65 2187 252 2281 omnibus,
287 2188 485 2259 divisiones
518 2203 641 2259 tamen
683 2191 932 2283 operationum
978 2204 1062 2263 sunt

68 2286 188 2364 1Cor.
207 2290 265 2364 12.
411 2374 414 2381 .

167 2389 291 2486 ltaque
314 2392 388 2484 ipse
409 2393 510 2463 dedit
527 2394 700 2486 quosdam
722 2387 928 2484 Apostolos,
954 2419 1061 2488 quos-

63 2495 147 2562 dam
177 2507 294 2565 autem
322 2488 534 2593 Prophetas,
573 2495 663 2565 alios
694 2517 778 2564 vero
806 2491 1060 2586 Evangelistas,

63 2594 154 2664 alios
174 2621 259 2665 vero
283 2593 461 2680 Pastores,
494 2610 528 2668 ct
549 2595 736 2680 Doctores,
767 2597 811 2665 ad
833 2598 1060 2670 instauratio-

64 2720 147 2765 nem
162 2711 363 2769 sanctorum
380 2698 418 2767 in
442 2721 531 2789 opus
553 2698 761 2783 ministerii,
787 2699 826 2765 in
847 2701 1059 2774 aedificatio-

62 2821 147 2867 nem
171 2799 330 2890 corporis
346 2794 497 2883 Christi,
535 2801 648 2868 donec
671 2799 918 2891 perveniamus
937 2826 1059 2872 omnes

63 2902 102 2970 in
120 2900 293 2971 unitatem
308 2901 410 2986 fidei,
436 2915 470 2971 et
491 2901 682 2990 agnitionis
695 2901 760 2968 lilii
774 2898 861 2985 Dei,
887 2903 925 2969 in
942 2903 1058 2972 virum

61 3002 276 3094 perlectum,
315 3003 353 3071 in
392 3024 594 3071 mensuram
630 3003 753 3071 aetatis
782 3001 886 3092 plene
917 3005 1058 3075 adultae

60 3099 217 3188 Christi,
242 3117 283 3173 ut
305 3105 375 3172 iam
397 3129 472 3173 nou
495 3104 604 3173 simus
619 3103 759 3196 parvuli
773 3104 999 3190 fluctuantes,
1025 3122 1058 3176 et

61 3229 138 3274 nou
156 3204 445 3290 circumferamur
461 3205 560 3274 omni
572 3221 676 3276 vento
692 3206 882 3291 doctrinae,
902 3231 964 3298 per
978 3233 1057 3277 ver-

61 3307 192 3378 sutiam
208 3303 416 3393 hominum,
441 3332 505 3400 per
519 3309 683 3378 astutiam
706 3331 780 3400 quaa
795 3304 912 3400 nos‘'³)
938 3310 1057 3379 adori-

59 3423 191 3493 untur,
222 3421 263 3478 ut
283 3409 469 3500 imponant
491 3409 611 3493 nobis,
648 3408 831 3480 veritatem
859 3422 977 3479 autem
1003 3412 1057 3480 fa-

60 3511 239 3599 cientesin
255 3510 397 3581 caritate
414 3535 610 3581 crescamus
623 3512 663 3580 in
681 3511 745 3579 illo
761 3535 825 3603 per
838 3512 969 3597 omnia,
994 3512 1059 3606 qui

60 3626 112 3683 est
127 3626 233 3703 caput
247 3607 411 3682 Christus
425 3636 467 3681 ex
480 3637 550 3705 quo
569 3626 682 3682 totum
697 3636 823 3704 corpus
838 3627 1056 3704 compactum

60 3730 95 3785 et
111 3738 330 3799 connexum,
351 3738 570 3805 peromnem
587 3715 786 3785 iuncturam
809 3713 1057 3789 subministra-

34 3812 37 3814 *
60 3815 188 3902 tionis,
213 3817 408 3885 secundum
431 3816 673 3907 operationem
698 3816 737 3885 in
757 3838 924 3885 mensura
947 3818 1055 3888 unius

58 3920 231 4011 cuiusque
250 3917 422 3998 membri,
462 3933 690 4008 augmentum
719 3919 877 4008 corporis
902 3919 986 3989 facit
1016 3921 1054 3989 in

59 4020 339 4090 aedificationem
355 4020 410 4089 sui
424 4043 487 4111 per
500 4019 699 4106 caritatem,
723 4014 838 4112 Ephe.
855 4017 891 4093 4.
964 4090 974 4099 ,

159 4120 413 4211 Quamobrem,
433 4134 472 4191 ut
484 4119 598 4191 Divus
612 4118 812 4215 Cyprianus
828 4121 955 4215 inquit,
979 4120 1050 4191 Ec-

58 4225 184 4293 clesiae
199 4224 319 4293 unitas
331 4222 479 4291 firmiter
492 4221 691 4316 tenendam)
716 4237 750 4292 et
765 4223 977 4292 vindicanda
991 4237 1054 4308 est,

56 4327 210 4395 maxime
223 4327 268 4394 ab
284 4321 486 4415 Episcopis,
510 4325 573 4416 qui
586 4328 626 4396 in
639 4321 795 4396 Ecclesia
810 4326 888 4394 loco
899 4320 1051 4414 Aposto-

56 4430 174 4498 lorum
198 4426 416 4518 praesident,
441 4439 481 4494 ut
495 4422 746 4517 Episcopatum
767 4448 911 4520 speroque
934 4426 1049 4516 ipsum

634 239 1071 320 uarsronanuu
1124 249 1360 331 crnvnr.
1414 253 1590 330 1541„
1643 216 1646 221 ’

2029 264 2105 337 222

1116 424 1203 491 rami
1218 426 1354 494 arboris
1372 427 1494 510 multi,
1528 429 1586 495 sed
1614 430 1725 497 robur·
1749 455 1878 514 unum,
1911 435 2023 502 tenaci
2047 458 2105 504 ra-

1116 525 1194 593 dice
1208 527 1407 600 lnndatum.
1458 527 1616 598 Proinde
1637 555 1778 624 quoque
1792 528 1955 603 Christus
1981 560 2106 629 quam-

1116 619 1169 696 vis
1183 623 1365 718 Apostolis
1382 630 1565 715 omnibus,
1590 644 1630 701 ut
1655 632 1749 701 idem
1770 631 1911 735 Cypria.
1937 636 2003 721 ait,
2026 652 2118 728 post
2239 698 2241 704 s

1115 731 1407 800 resurrectionem
1423 755 1522 801 suam
1539 756 1657 824 parem
1673 747 1882 825 potestatem
1901 737 2035 810 tribuat
2051 753 2114 831 taff

1114 854 1197 899 men
1218 846 1258 902 ut
1279 832 1452 905 unitatem
1479 833 1735 922 manifestaret,
1776 838 1924 909 unitatis
1947 840 2106 915 eiusdem

1114 932 1288 1022 originem
1305 935 1351 1003 ah
1368 959 1441 1005 uno
1468 935 1714 1026 incipientem,
1738 960 1801 1009 sua
1822 940 2010 1011 autoritate
2032 943 2106 1013 dis·

1113 1036 1243 1125 posuit.
1292 1033 1370 1104 Hoc
1384 1037 1479 1105 enim
1503 1050 1543 1107 ut
1565 1038 1724 1118 subiicit,
1759 1056 1859 1112 erant
1881 1043 2003 1134 utique
2027 1067 2106 1115 cae-

1113 1136 1180 1204 teri
1198 1135 1381 1227 Apostoli,
1420 1141 1514 1231 quod
1545 1139 1613 1210 luit
1633 1138 1777 1227 Petrus,
1805 1143 1893 1233 'pari
1926 1145 2104 1216 consortio

1114 1238 1284 1328 praediti,
1309 1254 1343 1311 et
1367 1235 1514 1309 honoris
1535 1254 1569 1310 et
1585 1242 1775 1332 potestatis.
1827 1242 1895 1315 Sed
1921 1246 2106 1321 exordium

1114 1341 1159 1409 ab
1176 1341 1310 1411 unitate
1325 1342 1576 1437 proficiscitur,
1598 1355 1638 1412 ut
1653 1339 1809 1414 Ecclesia
1834 1369 1906 1416 uua
1926 1362 2104 1420 monstre-

1113 1454 1183 1516 tur.
1235 1441 1414 1514 Hactenus
1430 1445 1502 1517 ille.

1119 1630 1125 1639 ι
1214 1542 1310 1614 Hinc
1330 1547 1521 1636 scripturae
1542 1543 1689 1615 Petrum
1713 1546 1824 1616 veluti
1844 1549 2031 1637 verticem,
2058 1576 2105 1623 os

1113 1660 1147 1716 et
1169 1647 1364 1738 principem
1389 1644 1642 1738 Apostolorum
1668 1647 1891 1735 describunt,
1926 1647 2105 1724 cuiChri-

1112 1762 1186 1820 stus
1200 1749 1331 1818 nedum
1347 1762 1573 1840 potestatem,
1599 1751 1708 1818 sedet
1724 1773 1856 1819 nomen
1879 1774 1981 1847 supin
2008 1779 2106 1825 com-

1112 1851 1318 1937 municavit,
1343 1849 1420 1921 Etsi
1436 1875 1510 1921 non
1525 1851 1593 1942 ipsi
1607 1851 1688 1937 soli,
1713 1851 1774 1920 sed
1789 1862 1907 1921 tamen
1921 1855 1990 1947 ipsi
2002 1855 2105 1949 prin-

1113 1953 1273 2044 cipaliter
1287 1976 1368 2023 cum
1384 1953 1480 2038 aliis,
1504 1966 1543 2024 ut
1566 1953 1684 2022 unitas
1707 1947 1883 2024 Ecclesiae
1906 1955 2105 2029 insinuare-

1111 2067 1190 2139 tur,
1216 2055 1440 2147 praecipuam
1455 2055 1735 2139 solicitudinem,
1762 2055 1848 2124 dum
1867 2057 1898 2124 ei
1913 2061 2105 2149 pascendas

1112 2179 1195 2227 oves
1215 2156 1466 2242 committeret,
1506 2149 1584 2229 loh.
1610 2157 1671 2226 21.
1698 2156 1885 2248 imposuit,
1920 2173 1953 2228 et
1983 2184 2104 2231 curam

1111 2259 1346 2329 confirmandi
1360 2260 1483 2329 fratres
1498 2258 1537 2326 in
1552 2257 1830 2328 aedificationem
1850 2269 1885 2328 et
1908 2261 2020 2332 robur
2032 2258 2103 2333 Ec-

1111 2362 1235 2431 clesiae
1258 2361 1431 2446 iniunxit,
1464 2359 1579 2431 Lucae
1594 2361 1655 2433 22.
1715 2358 1834 2447 Quam
1860 2374 1895 2431 et
1921 2363 2039 2432 statim
2064 2364 2103 2433 in

1111 2463 1255 2534 exordio
1275 2457 1454 2531 Ecclesiae
1479 2461 1669 2552 suscepisse
1689 2461 1848 2546 videtur,
1873 2466 2104 2558 quemadmo-

1110 2568 1195 2636 dum
1228 2564 1266 2632 in
1299 2562 1398 2634 Actis
1421 2560 1674 2658 Apostolorum
1705 2563 1855 2653 legimus
1885 2587 1960 2656 cap.
1985 2563 2048 2642 lx.
2064 2560 2103 2661 ⁸)

1109 2668 1205 2762 quod
1227 2666 1430 2737 transiverit
1450 2677 1484 2734 et
1506 2665 1667 2735 inviserit
1683 2665 1887 2751 universos,
1914 2663 2032 2754 Quam
2049 2681 2104 2738 ta-

1107 2793 1190 2837 men
1211 2792 1285 2837 non
1308 2768 1348 2836 in
1372 2767 1646 2837 destructionem
1676 2790 1818 2852 eornm,
1856 2791 1946 2860 quae
1975 2771 2104 2841 caeteri

1107 2871 1200 2939 bene
1220 2869 1476 2952 aedificassent,
1504 2871 1573 2938 ¹sed
1600 2868 1639 2938 in
1663 2868 1968 2939 confirmationem
1992 2872 2103 2962 magis
2220 2962 2222 2968 Ι

1108 2971 1277 3055 contulit,
1316 2968 1408 3041 Cum
1433 2969 1564 3041 scilicet
1584 2983 1787 3060 agnosceret
1799 2963 1841 3065 67)
1866 2967 2101 3062 Evangelium

1108 3097 1171 3164 per
1198 3086 1352 3142 caeteros
1383 3071 1622 3164 praedicatum
1649 3096 1713 3164 per
1738 3073 1860 3141 omnia
1887 3075 2101 3164 respondere

1106 3171 1302 3264 Evangelio
1319 3175 1372 3242 sui
1393 3172 1642 3264 Apostolatus,
1676 3166 1795 3267 Atque
1816 3173 1904 3242 adeo
1927 3199 2040 3245 unum
2066 3190 2102 3245 et

1108 3277 1202 3345 idem
1226 3272 1461 3364 Evangelinm
1481 3274 1641 3343 omnium
1665 3297 1748 3347 esse.
1810 3273 1911 3362 Quae
1931 3291 1965 3346 et
1987 3274 2100 3346 Paulo

1106 3377 1174 3447 fnit
1196 3401 1297 3446 cansa
1320 3377 1563 3469 proficiscendi
1587 3374 1797 3461 lentsalem,
1839 3388 1873 3444 et
1893 3378 2101 3469 conferendi
2157 3410 2160 3415 ·

1106 3476 1340 3568 Evangelium
1356 3502 1435 3547 cum
1448 3474 1574 3561 Petro,
1600 3476 1747 3563 Iacobo,
1774 3472 1946 3565 Iohanne,
1972 3476 2104 3552 Geta..

1106 3579 1188 3667 Non
1211 3582 1308 3674 quod
1331 3577 1564 3669 Evangelium
1588 3603 1651 3670 per
1672 3577 1824 3649 Paulum
1848 3581 2104 3672 praedicatum,

1107 3683 1142 3751 id
1160 3684 1291 3776 quoda
1317 3681 1392 3752 solo
1404 3680 1483 3752 Deo
1507 3695 1702 3772 acceperat,
1728 3683 1773 3751 ab
1792 3683 1939 3777 illorum
1962 3683 2099 3753 autori·

1105 3797 1177 3854 tate
1193 3785 1381 3875 penderet,
1415 3782 1486 3854 Sed
1509 3796 1550 3853 ut
1579 3784 1633 3853 illi
1655 3785 1801 3870 eandem
1826 3786 2098 3875 praedicationis

1105 3887 1252 3974 gratiam
1267 3887 1305 3954 in
1321 3883 1433 3955 Paulo
1457 3900 1700 3976 agnoscentes,
1734 3888 1872 3956 dextras
1895 3886 1929 3955 ei
1950 3888 2097 3959 societa-

1104 3989 1167 4073 tis,
1193 3989 1289 4082 quod
1306 4001 1357 4057 est
1375 3988 1584 4056 concordiae
1600 4002 1632 4056 et
1655 3987 1923 4059 convenientiae
1946 3989 2096 4077 signum,

1103 4092 1246 4173 darent,
1279 4102 1311 4158 et
1337 4114 1377 4157 eo
1399 4089 1500 4177 signo
1522 4085 1696 4157 Ecclesias
1718 4089 1756 4156 in
1779 4089 1848 4158 lide
1879 4103 1913 4159 et
1941 4091 2097 4159 caritatis

1103 4191 1247 4260 vinculo
1267 4191 1535 4273 confirmarent,
1563 4204 1600 4259 ut
1617 4190 1711 4260 inter
1733 4204 1885 4260 caeteros
1900 4189 2096 4261 Tertullia-

1102 4315 1170 4363 nus
1190 4305 1347 4364 testatur.

1145 4432 1150 4440 ·
1201 4405 1250 4477 Et
1265 4403 1518 4501 quiaChristus
1532 4401 1809 4478 hancEcclesiae
1826 4407 1998 4478 unitatem
2007 4383 2105 4480 Hie-¹

56 4553 169 4600 unum
196 4542 301 4622 atque
330 4527 524 4597 indivisum
555 4529 754 4620 probemus.
818 4525 1051 4616 Episcopatus
1080 4505 1422 4629 -ξέῐξῆῑθίζθΐᾶἷῦθ,
1445 4533 1557 4600 Usque
1574 4508 1611 4576 ¹¹¹
1621 4503 1662 4603 ω)
1678 4509 1782 4577 fi¹¹²¹¹¹
1793 4559 1811 4627 s·
1827 4510 1958 4628 (iurare.
1969 4511 2093 4629 voluit,

55 4630 233 4723 siquidem
262 4652 356 4698 unus
384 4644 456 4714 est,
491 4629 591 4700 cuius
619 4629 808 4719 asingulis
833 4629 1050 4699 insolidum
1099 4613 1231 4681 ¹d⁶¹¹⁰⁰
1254 4636 1292 4679 ¹¹¹
1315 4611 1432 4680 l⁰⁰¹¹¹¹¹
1456 4606 1731 4700 AP⁰⁵l⁰l⁰¹¹¹¹¹¹2
1775 4612 1896 4681 dlvlssa
1920 4636 2092 4682 ¹¹¹¹¹¹1r111¹1

53 4756 137 4823 pars
153 4744 311 4816 tenetur,
335 4726 492 4801 Ecclesia
505 4755 578 4800 una
592 4744 662 4815 est,
691 4731 832 4822 quaein
848 4730 1051 4800 multitudi-
1099 4713 1379 4806 di⁸l¹0¹¹⁸¹¹¹⁰¹¹e2
1405 4720 1648 4821 'succfssefflssi
1665 4707 1852 4812 EP¹⁸⁰⁰l¹is
1878 4713 1941 4807 ‘1¹¹¹
1961 4714 2093 4805 Singuli

53 4858 138 4902 nem
178 4832 284 4903 latius
311 4833 529 4902 incremento
559 4831 806 4902 foecunditatis
838 4833 1049 4914 extenditur,
1098 4811 1440 4904 ⁵lndu¹¹⁵E⁰⁰l⁶⁵ll⁵2
1462 4808 1901 4909 uiffief⁰1¹y¹1¹¹¹⁸¹¹¹q¹¹¹ls
1925 4810 2090 4886 inschls·

10 4923 17 4929 ’
53 4935 236 5029 quomodo
250 4933 334 5003 solis
356 4932 459 5003 multi
484 4933 595 5019 radii,
624 4936 685 5005 sed
708 4933 831 5004 lumen
852 4957 985 5019 unum,
1015 4947 1050 5004 et
1097 4917 1201 4987 malls
1215 4915 1431 5000 ¹0¹1¹⁰ffi¹¹¹¹¹2
1451 4915 1624 5008 1¹¹⁰P⁰⁵iti
1640 4929 1746 5003 ³⁰⁰²,
1771 4940 1818 4987 ¹¹0
1836 4917 2090 5011 ¹¹¹¹¹¹⁵¹1¹¹¹⁸¹l¹¹02

52 5066 283 5084 ..n—n*—

87 5133 116 5197 ·)
131 5129 194 5197 „De
207 5129 259 5182 hoc
273 5137 330 5182 toto
343 5128 458 5183 articulo
472 5125 648 5180 exbibuerunt
663 5135 841 5199 protestantes
856 5129 1048 5182 soumarticu·

122 5199 179 5250 lom
200 5197 235 5249 de
255 5197 356 5250 unitate
371 5195 519 5264 Ecclesiae,
545 5194 679 5267 signatum
696 5195 772 5252 litera
785 5193 838 5249 E.''
874 5195 944 5250 Nota
959 5216 1045 5268 marg.

123 5266 151 5318 in
165 5265 232 5319 Mel.
244 5263 318 5336 Opp.

82 5333 130 5403 65)
148 5334 214 5389 Mel.
234 5351 292 5387 vos.

86 5417 134 5483 66)
152 5417 221 5472 Bne.
236 5425 263 5470 et
276 5414 343 5473 tet.
361 5422 476 5472 tuenda.

1129 5251 1157 5317 *)
1176 5252 1244 5306 Mel.
1259 5263 1346 5308 secter
1365 5251 1484 5325 Vnst,
1501 5253 1548 5308 sed
1562 5252 1644 5307 Peuc.
1662 5251 1791 5307 mendose
1807 5250 1906 5306 edidit:
1926 5252 1952 5303 8.

1128 5333 1174 5399 67)
1192 5333 1260 5391 Buc.
1278 5346 1305 5390 et
1317 5332 1384 5389 Eat.
1397 5347 1606 5416 agnosceretur,

1126 5417 1175 5485 68)
1191 5416 1257 5477 suc
1270 5426 1296 5472 et
1310 5416 1375 5473 uel.
1389 5420 1437 5471 ad.
