<?xml version="1.0" encoding="UTF-8"?>
<!DOCTYPE html PUBLIC "-//W3C//DTD XHTML 1.0 Transitional//EN"
    "http://www.w3.org/TR/xhtml1/DTD/xhtml1-transitional.dtd">
<html xmlns="http://www.w3.org/1999/xhtml" xml:lang="en" lang="en">
 <head>
  <title>
</title>
<meta http-equiv="Content-Type" content="text/html;charset=utf-8" />
  <meta name='ocr-system' content='tesseract 3.04.00' />
  <meta name='ocr-capabilities' content='ocr_page ocr_carea ocr_par ocr_line ocrx_word'/>
</head>
<body>
  <div class='ocr_page' id='page_1' title='image "./corpusreformato08melagoog/corpusreformato08melagoog_0457.png"; bbox 0 0 4522 5752; ppageno 0'>
   <div class='ocr_carea' id='block_1_1' title="bbox 106 204 180 277">
    <p class='ocr_par' dir='ltr' id='par_1_1' title="bbox 106 204 180 277">
     <span class='ocr_line' id='line_1_1' title="bbox 106 204 180 277; baseline 0.027 -2"><span class='ocrx_word' id='word_1_1' title='bbox 106 204 180 277; x_wconf 79' lang='lat' dir='ltr'>att</span> 
     </span>
    </p>
   </div>
   <div class='ocr_carea' id='block_1_2' title="bbox 107 366 1098 667">
    <p class='ocr_par' dir='ltr' id='par_1_2' title="bbox 107 366 1098 667">
     <span class='ocr_line' id='line_1_2' title="bbox 108 366 1097 472; baseline 0.003 -26"><span class='ocrx_word' id='word_1_2' title='bbox 108 366 332 446; x_wconf 80' lang='lat' dir='ltr'>Clarissimo</span> <span class='ocrx_word' id='word_1_3' title='bbox 372 386 403 445; x_wconf 86' lang='lat' dir='ltr'>et</span> <span class='ocrx_word' id='word_1_4' title='bbox 439 374 575 472; x_wconf 85' lang='lat' dir='ltr'>optimo</span> <span class='ocrx_word' id='word_1_5' title='bbox 608 375 703 458; x_wconf 78' lang='lat' dir='ltr'>viro,</span> <span class='ocrx_word' id='word_1_6' title='bbox 750 374 802 446; x_wconf 89' lang='lat' dir='ltr'>D.</span> <span class='ocrx_word' id='word_1_7' title='bbox 835 372 1097 449; x_wconf 80' lang='lat' dir='ltr'>Francisco</span> 
     </span>
     <span class='ocr_line' id='line_1_3' title="bbox 107 471 1098 577; baseline 0.003 -30"><span class='ocrx_word' id='word_1_8' title='bbox 107 471 371 563; x_wconf 84' lang='lat' dir='ltr'>Burcardo,</span> <span class='ocrx_word' id='word_1_9' title='bbox 414 473 459 551; x_wconf 89' lang='lat' dir='ltr'><em>V</em></span> <span class='ocrx_word' id='word_1_10' title='bbox 455 478 653 560; x_wconf 82' lang='lat' dir='ltr'>inaricnsi,</span> <span class='ocrx_word' id='word_1_11' title='bbox 687 472 926 550; x_wconf 79' lang='lat' dir='ltr'>Cranccflurio</span> <span class='ocrx_word' id='word_1_12' title='bbox 948 480 1098 577; x_wconf 63' lang='lat' dir='ltr'>prosin-</span> 
     </span>
     <span class='ocr_line' id='line_1_4' title="bbox 185 576 1018 667; baseline 0.004 -18"><span class='ocrx_word' id='word_1_13' title='bbox 185 577 259 649; x_wconf 81' lang='lat' dir='ltr'>ciaa</span> <span class='ocrx_word' id='word_1_14' title='bbox 273 576 574 667; x_wconf 77' lang='lat' dir='ltr'>Brunseicensis,</span> <span class='ocrx_word' id='word_1_15' title='bbox 600 580 719 650; x_wconf 74' lang='lat' dir='ltr'>antico</span> <span class='ocrx_word' id='word_1_16' title='bbox 732 606 800 652; x_wconf 87' lang='lat' dir='ltr'>suo</span> <span class='ocrx_word' id='word_1_17' title='bbox 815 581 1018 653; x_wconf 82' lang='lat' dir='ltr'>carissimo.</span> 
     </span>
    </p>
   </div>
   <div class='ocr_carea' id='block_1_3' title="bbox 110 692 1100 813">
    <p class='ocr_par' dir='ltr' id='par_1_3' title="bbox 110 692 1100 813">
     <span class='ocr_line' id='line_1_5' title="bbox 110 692 1100 813; baseline 0.004 -30"><span class='ocrx_word' id='word_1_18' title='bbox 110 692 155 783; x_wconf 83' lang='lat' dir='ltr'>S.</span> <span class='ocrx_word' id='word_1_19' title='bbox 179 713 225 791; x_wconf 97' lang='lat' dir='ltr'>D.</span> <span class='ocrx_word' id='word_1_20' title='bbox 275 712 492 790; x_wconf 80' lang='lat' dir='ltr'><strong>Adolescens</strong></span> <span class='ocrx_word' id='word_1_21' title='bbox 523 734 574 790; x_wconf 89' lang='lat' dir='ltr'>est</span> <span class='ocrx_word' id='word_1_22' title='bbox 603 718 760 813; x_wconf 81' lang='lat' dir='ltr'>Lipsiae,</span> <span class='ocrx_word' id='word_1_23' title='bbox 800 716 1002 790; x_wconf 84' lang='lat' dir='ltr'>Bertoldos</span> <span class='ocrx_word' id='word_1_24' title='bbox 1025 713 1100 788; x_wconf 76' lang='lat' dir='ltr'>Iti.</span> 
     </span>
    </p>
   </div>
   <div class='ocr_carea' id='block_1_4' title="bbox 61 809 1103 3249">
    <p class='ocr_par' dir='ltr' id='par_1_4' title="bbox 61 809 1103 3249">
     <span class='ocr_line' id='line_1_6' title="bbox 111 809 1100 917; baseline 0.005 -33"><span class='ocrx_word' id='word_1_25' title='bbox 111 809 234 899; x_wconf 82' lang='lat' dir='ltr'>chius,</span> <span class='ocrx_word' id='word_1_26' title='bbox 261 832 362 889; x_wconf 89' lang='lat' dir='ltr'>natus</span> <span class='ocrx_word' id='word_1_27' title='bbox 379 820 416 888; x_wconf 94' lang='lat' dir='ltr'>in</span> <span class='ocrx_word' id='word_1_28' title='bbox 434 822 615 913; x_wconf 90' lang='lat' dir='ltr'>provincia</span> <span class='ocrx_word' id='word_1_29' title='bbox 631 835 745 891; x_wconf 85' lang='lat' dir='ltr'>vestra</span> <span class='ocrx_word' id='word_1_30' title='bbox 754 819 791 917; x_wconf 92' lang='lat'>¹),</span> <span class='ocrx_word' id='word_1_31' title='bbox 817 824 854 891; x_wconf 92' lang='lat' dir='ltr'>in</span> <span class='ocrx_word' id='word_1_32' title='bbox 870 846 958 915; x_wconf 88' lang='lat' dir='ltr'>pago</span> <span class='ocrx_word' id='word_1_33' title='bbox 968 818 1100 892; x_wconf 87' lang='lat' dir='ltr'>Holts-</span> 
     </span>
     <span class='ocr_line' id='line_1_7' title="bbox 110 913 1100 1018; baseline 0.005 -31"><span class='ocrx_word' id='word_1_34' title='bbox 110 913 241 989; x_wconf 81' lang='lat' dir='ltr'>minda</span> <span class='ocrx_word' id='word_1_35' title='bbox 266 922 310 990; x_wconf 91' lang='lat' dir='ltr'>ad</span> <span class='ocrx_word' id='word_1_36' title='bbox 333 920 533 1014; x_wconf 83' lang='lat' dir='ltr'>Visurgim,</span> <span class='ocrx_word' id='word_1_37' title='bbox 564 924 623 994; x_wconf 89' lang='lat' dir='ltr'>cui</span> <span class='ocrx_word' id='word_1_38' title='bbox 644 925 806 1015; x_wconf 80' lang='lat' dir='ltr'>promisit</span> <span class='ocrx_word' id='word_1_39' title='bbox 826 924 1017 1018; x_wconf 84' lang='lat' dir='ltr'>Tyrannus</span> <span class='ocrx_word' id='word_1_40' title='bbox 1040 948 1100 992; x_wconf 77' lang='lat' dir='ltr'>cx-</span> 
     </span>
     <span class='ocr_line' id='line_1_8' title="bbox 111 1018 1101 1118; baseline 0.002 -27"><span class='ocrx_word' id='word_1_41' title='bbox 111 1018 280 1118; x_wconf 84' lang='lat' dir='ltr'>pulsus²)</span> <span class='ocrx_word' id='word_1_42' title='bbox 307 1023 508 1095; x_wconf 87' lang='lat' dir='ltr'>studiorum</span> <span class='ocrx_word' id='word_1_43' title='bbox 539 1039 687 1100; x_wconf 90' lang='lat' dir='ltr'>sumtus.</span> <span class='ocrx_word' id='word_1_44' title='bbox 747 1025 989 1095; x_wconf 76' lang='lat' dir='ltr'>Sacerdotium</span> <span class='ocrx_word' id='word_1_45' title='bbox 1024 1050 1101 1096; x_wconf 89' lang='lat' dir='ltr'>cer-</span> 
     </span>
     <span class='ocr_line' id='line_1_9' title="bbox 112 1120 1100 1217; baseline 0.002 -26"><span class='ocrx_word' id='word_1_46' title='bbox 112 1120 228 1217; x_wconf 80' lang='lat' dir='ltr'>tum³)</span> <span class='ocrx_word' id='word_1_47' title='bbox 249 1149 322 1194; x_wconf 93' lang='lat' dir='ltr'>non</span> <span class='ocrx_word' id='word_1_48' title='bbox 343 1126 461 1211; x_wconf 83' lang='lat' dir='ltr'>dedit,</span> <span class='ocrx_word' id='word_1_49' title='bbox 497 1128 558 1195; x_wconf 86' lang='lat' dir='ltr'>sed</span> <span class='ocrx_word' id='word_1_50' title='bbox 581 1128 702 1196; x_wconf 90' lang='lat' dir='ltr'>literae</span> <span class='ocrx_word' id='word_1_51' title='bbox 726 1142 855 1197; x_wconf 79' lang='lat' dir='ltr'>extant.</span> <span class='ocrx_word' id='word_1_52' title='bbox 920 1126 1003 1197; x_wconf 89' lang='lat' dir='ltr'>Seio</span> <span class='ocrx_word' id='word_1_53' title='bbox 1037 1147 1100 1195; x_wconf 79' lang='lat' dir='ltr'>vos</span> 
     </span>
     <span class='ocr_line' id='line_1_10' title="bbox 111 1224 1101 1319; baseline 0.008 -27"><span class='ocrx_word' id='word_1_54' title='bbox 111 1224 183 1294; x_wconf 90' lang='lat' dir='ltr'>illis</span> <span class='ocrx_word' id='word_1_55' title='bbox 206 1250 281 1295; x_wconf 79' lang='lat' dir='ltr'>raon</span> <span class='ocrx_word' id='word_1_56' title='bbox 304 1227 436 1313; x_wconf 87' lang='lat' dir='ltr'>teneri,</span> <span class='ocrx_word' id='word_1_57' title='bbox 476 1251 542 1298; x_wconf 89' lang='lat' dir='ltr'>nec</span> <span class='ocrx_word' id='word_1_58' title='bbox 571 1231 616 1298; x_wconf 90' lang='lat' dir='ltr'>de</span> <span class='ocrx_word' id='word_1_59' title='bbox 640 1229 717 1298; x_wconf 90' lang='lat' dir='ltr'>iure</span> <span class='ocrx_word' id='word_1_60' title='bbox 743 1230 925 1298; x_wconf 81' lang='lat' dir='ltr'>vobiscum</span> <span class='ocrx_word' id='word_1_61' title='bbox 947 1231 1101 1319; x_wconf 84' lang='lat' dir='ltr'>disputo.</span> 
     </span>
     <span class='ocr_line' id='line_1_11' title="bbox 113 1323 1103 1419; baseline 0.001 -23"><span class='ocrx_word' id='word_1_62' title='bbox 113 1323 209 1397; x_wconf 92' lang='lat' dir='ltr'>Illud</span> <span class='ocrx_word' id='word_1_63' title='bbox 228 1340 365 1399; x_wconf 87' lang='lat' dir='ltr'>tanturn</span> <span class='ocrx_word' id='word_1_64' title='bbox 382 1354 467 1416; x_wconf 92' lang='lat' dir='ltr'>oro,</span> <span class='ocrx_word' id='word_1_65' title='bbox 499 1344 541 1399; x_wconf 93' lang='lat' dir='ltr'>ut</span> <span class='ocrx_word' id='word_1_66' title='bbox 562 1326 703 1400; x_wconf 80' lang='lat' dir='ltr'>honesti</span> <span class='ocrx_word' id='word_1_67' title='bbox 725 1344 759 1399; x_wconf 90' lang='lat' dir='ltr'>ct</span> <span class='ocrx_word' id='word_1_68' title='bbox 784 1330 957 1419; x_wconf 79' lang='lat' dir='ltr'>ingeniosi</span> <span class='ocrx_word' id='word_1_69' title='bbox 981 1332 1103 1400; x_wconf 89' lang='lat' dir='ltr'>adole-</span> 
     </span>
     <span class='ocr_line' id='line_1_12' title="bbox 113 1429 1101 1524; baseline 0.004 -26"><span class='ocrx_word' id='word_1_70' title='bbox 113 1429 241 1498; x_wconf 90' lang='lat' dir='ltr'>scentis</span> <span class='ocrx_word' id='word_1_71' title='bbox 257 1430 425 1522; x_wconf 81' lang='lat' dir='ltr'>suscipias</span> <span class='ocrx_word' id='word_1_72' title='bbox 439 1454 591 1513; x_wconf 89' lang='lat' dir='ltr'>causam,</span> <span class='ocrx_word' id='word_1_73' title='bbox 618 1445 652 1502; x_wconf 92' lang='lat' dir='ltr'>et</span> <span class='ocrx_word' id='word_1_74' title='bbox 664 1456 811 1524; x_wconf 76' lang='lat' dir='ltr'>quaeras</span> <span class='ocrx_word' id='word_1_75' title='bbox 827 1433 973 1524; x_wconf 80' lang='lat' dir='ltr'>aliquod</span> <span class='ocrx_word' id='word_1_76' title='bbox 988 1456 1101 1502; x_wconf 89' lang='lat' dir='ltr'>sacer-</span> 
     </span>
     <span class='ocr_line' id='line_1_13' title="bbox 112 1528 1102 1626; baseline 0.003 -28"><span class='ocrx_word' id='word_1_77' title='bbox 112 1529 270 1616; x_wconf 84' lang='lat' dir='ltr'>dotium,</span> <span class='ocrx_word' id='word_1_78' title='bbox 302 1534 398 1602; x_wconf 92' lang='lat' dir='ltr'>unde</span> <span class='ocrx_word' id='word_1_79' title='bbox 420 1544 550 1602; x_wconf 85' lang='lat' dir='ltr'>certam</span> <span class='ocrx_word' id='word_1_80' title='bbox 576 1534 760 1625; x_wconf 90' lang='lat' dir='ltr'>pecuniam</span> <span class='ocrx_word' id='word_1_81' title='bbox 782 1528 921 1603; x_wconf 83' lang='lat' dir='ltr'>habeat.</span> <span class='ocrx_word' id='word_1_82' title='bbox 977 1531 1102 1626; x_wconf 89' lang='lat' dir='ltr'>anue</span> 
     </span>
     <span class='ocr_line' id='line_1_14' title="bbox 113 1628 1101 1720; baseline 0.004 -21"><span class='ocrx_word' id='word_1_83' title='bbox 113 1632 152 1700; x_wconf 92' lang='lat' dir='ltr'>in</span> <span class='ocrx_word' id='word_1_84' title='bbox 174 1656 212 1701; x_wconf 89' lang='lat' dir='ltr'>re</span> <span class='ocrx_word' id='word_1_85' title='bbox 233 1648 267 1704; x_wconf 87' lang='lat' dir='ltr'>et</span> <span class='ocrx_word' id='word_1_86' title='bbox 281 1630 358 1703; x_wconf 88' lang='lat' dir='ltr'>Deo</span> <span class='ocrx_word' id='word_1_87' title='bbox 383 1646 419 1704; x_wconf 90' lang='lat' dir='ltr'>te</span> <span class='ocrx_word' id='word_1_88' title='bbox 439 1634 571 1704; x_wconf 87' lang='lat' dir='ltr'>servire</span> <span class='ocrx_word' id='word_1_89' title='bbox 597 1648 745 1720; x_wconf 87' lang='lat' dir='ltr'>statuas,</span> <span class='ocrx_word' id='word_1_90' title='bbox 776 1648 811 1704; x_wconf 89' lang='lat' dir='ltr'>et</span> <span class='ocrx_word' id='word_1_91' title='bbox 825 1628 1020 1705; x_wconf 85' lang='lat' dir='ltr'>Ioachimo</span> <span class='ocrx_word' id='word_1_92' title='bbox 1035 1660 1101 1703; x_wconf 93' lang='lat' dir='ltr'>no-</span> 
     </span>
     <span class='ocr_line' id='line_1_15' title="bbox 112 1730 1102 1830; baseline 0 -27"><span class='ocrx_word' id='word_1_93' title='bbox 112 1730 226 1826; x_wconf 91' lang='lat' dir='ltr'>stro⁴)</span> <span class='ocrx_word' id='word_1_94' title='bbox 243 1735 450 1824; x_wconf 88' lang='lat' dir='ltr'>gratificari,</span> <span class='ocrx_word' id='word_1_95' title='bbox 479 1733 559 1830; x_wconf 95' lang='lat' dir='ltr'>qui,</span> <span class='ocrx_word' id='word_1_96' title='bbox 589 1750 807 1829; x_wconf 80' lang='lat' dir='ltr'>quantopere</span> <span class='ocrx_word' id='word_1_97' title='bbox 825 1738 929 1819; x_wconf 81' lang='lat' dir='ltr'>velit,</span> <span class='ocrx_word' id='word_1_98' title='bbox 964 1736 1102 1806; x_wconf 87' lang='lat' dir='ltr'>consuli</span> 
     </span>
     <span class='ocr_line' id='line_1_16' title="bbox 112 1836 1103 1932; baseline 0.001 -28"><span class='ocrx_word' id='word_1_99' title='bbox 112 1836 345 1919; x_wconf 89' lang='lat' dir='ltr'>adolescenti,</span> <span class='ocrx_word' id='word_1_100' title='bbox 375 1860 415 1905; x_wconf 84' lang='lat' dir='ltr'>cx</span> <span class='ocrx_word' id='word_1_101' title='bbox 438 1836 512 1906; x_wconf 89' lang='lat' dir='ltr'>eius</span> <span class='ocrx_word' id='word_1_102' title='bbox 533 1838 663 1922; x_wconf 88' lang='lat' dir='ltr'>literis,</span> <span class='ocrx_word' id='word_1_103' title='bbox 696 1862 782 1932; x_wconf 91' lang='lat' dir='ltr'>quas</span> <span class='ocrx_word' id='word_1_104' title='bbox 804 1838 870 1908; x_wconf 92' lang='lat' dir='ltr'>tibi</span> <span class='ocrx_word' id='word_1_105' title='bbox 892 1838 1015 1922; x_wconf 86' lang='lat' dir='ltr'>mitto,</span> <span class='ocrx_word' id='word_1_106' title='bbox 1045 1840 1103 1905; x_wconf 89' lang='lat' dir='ltr'>iu-</span> 
     </span>
     <span class='ocr_line' id='line_1_17' title="bbox 61 1935 1103 2034; baseline 0.002 -29"><span class='ocrx_word' id='word_1_107' title='bbox 61 1996 65 2005; x_wconf 94' lang='lat'>.</span> <span class='ocrx_word' id='word_1_108' title='bbox 112 1935 295 2034; x_wconf 79' lang='lat' dir='ltr'>telliges⁸).</span> <span class='ocrx_word' id='word_1_109' title='bbox 321 1936 383 2007; x_wconf 85' lang='lat' dir='ltr'>Me</span> <span class='ocrx_word' id='word_1_110' title='bbox 393 1962 535 2032; x_wconf 91' lang='lat' dir='ltr'>quoque</span> <span class='ocrx_word' id='word_1_111' title='bbox 547 1940 719 2033; x_wconf 81' lang='lat' dir='ltr'>lacrymae</span> <span class='ocrx_word' id='word_1_112' title='bbox 735 1940 966 2009; x_wconf 89' lang='lat' dir='ltr'>adolescentis</span> <span class='ocrx_word' id='word_1_113' title='bbox 981 1963 1103 2009; x_wconf 75' lang='lat' dir='ltr'>irrore-</span> 
     </span>
     <span class='ocr_line' id='line_1_18' title="bbox 114 2039 1103 2132; baseline 0.001 -24"><span class='ocrx_word' id='word_1_114' title='bbox 114 2052 216 2121; x_wconf 91' lang='lat' dir='ltr'>ruut,</span> <span class='ocrx_word' id='word_1_115' title='bbox 249 2039 311 2132; x_wconf 93' lang='lat' dir='ltr'>qui</span> <span class='ocrx_word' id='word_1_116' title='bbox 334 2062 354 2107; x_wconf 92' lang='lat' dir='ltr'>a</span> <span class='ocrx_word' id='word_1_117' title='bbox 375 2063 432 2109; x_wconf 87' lang='lat' dir='ltr'>me</span> <span class='ocrx_word' id='word_1_118' title='bbox 455 2040 543 2109; x_wconf 72' lang='lat' dir='ltr'>flecis</span> <span class='ocrx_word' id='word_1_119' title='bbox 568 2042 688 2131; x_wconf 89' lang='lat' dir='ltr'>petiit,</span> <span class='ocrx_word' id='word_1_120' title='bbox 719 2065 764 2111; x_wconf 90' lang='lat' dir='ltr'>ne</span> <span class='ocrx_word' id='word_1_121' title='bbox 784 2043 983 2125; x_wconf 85' lang='lat' dir='ltr'>deseratur,</span> <span class='ocrx_word' id='word_1_122' title='bbox 1015 2064 1060 2109; x_wconf 86' lang='lat' dir='ltr'>ue</span> <span class='ocrx_word' id='word_1_123' title='bbox 1082 2062 1103 2109; x_wconf 90' lang='lat' dir='ltr'>a</span> 
     </span>
     <span class='ocr_line' id='line_1_19' title="bbox 113 2140 1102 2234; baseline 0 -25"><span class='ocrx_word' id='word_1_124' title='bbox 113 2140 240 2210; x_wconf 90' lang='lat' dir='ltr'>studiis</span> <span class='ocrx_word' id='word_1_125' title='bbox 262 2141 446 2211; x_wconf 87' lang='lat' dir='ltr'>literarum</span> <span class='ocrx_word' id='word_1_126' title='bbox 467 2142 675 2234; x_wconf 83' lang='lat' dir='ltr'>depellatur.</span> <span class='ocrx_word' id='word_1_127' title='bbox 727 2140 848 2231; x_wconf 86' lang='lat' dir='ltr'>Quare</span> <span class='ocrx_word' id='word_1_128' title='bbox 869 2142 975 2213; x_wconf 92' lang='lat' dir='ltr'>etiam</span> <span class='ocrx_word' id='word_1_129' title='bbox 997 2156 1102 2234; x_wconf 90' lang='lat' dir='ltr'>atque</span> 
     </span>
     <span class='ocr_line' id='line_1_20' title="bbox 112 2238 1102 2328; baseline 0 -17"><span class='ocrx_word' id='word_1_130' title='bbox 112 2243 217 2311; x_wconf 90' lang='lat' dir='ltr'>etiam</span> <span class='ocrx_word' id='word_1_131' title='bbox 242 2267 326 2327; x_wconf 89' lang='lat' dir='ltr'>oro,</span> <span class='ocrx_word' id='word_1_132' title='bbox 366 2256 407 2312; x_wconf 93' lang='lat' dir='ltr'>ut</span> <span class='ocrx_word' id='word_1_133' title='bbox 428 2243 467 2311; x_wconf 90' lang='lat' dir='ltr'>in</span> <span class='ocrx_word' id='word_1_134' title='bbox 488 2238 554 2314; x_wconf 94' lang='lat' dir='ltr'>bac</span> <span class='ocrx_word' id='word_1_135' title='bbox 578 2268 617 2312; x_wconf 90' lang='lat' dir='ltr'>re</span> <span class='ocrx_word' id='word_1_136' title='bbox 646 2243 863 2314; x_wconf 89' lang='lat' dir='ltr'>volontatem</span> <span class='ocrx_word' id='word_1_137' title='bbox 893 2256 990 2313; x_wconf 90' lang='lat' dir='ltr'>tuam</span> <span class='ocrx_word' id='word_1_138' title='bbox 1022 2265 1102 2328; x_wconf 78' lang='lat' dir='ltr'>erga</span> 
     </span>
     <span class='ocr_line' id='line_1_21' title="bbox 111 2336 1101 2439; baseline -0.001 -27"><span class='ocrx_word' id='word_1_139' title='bbox 111 2336 346 2413; x_wconf 81' lang='lat' dir='ltr'>Ioucdimum</span> <span class='ocrx_word' id='word_1_140' title='bbox 366 2344 531 2417; x_wconf 87' lang='lat' dir='ltr'>declares.</span> <span class='ocrx_word' id='word_1_141' title='bbox 593 2345 675 2416; x_wconf 83' lang='lat' dir='ltr'>Scio</span> <span class='ocrx_word' id='word_1_142' title='bbox 700 2346 778 2415; x_wconf 88' lang='lat' dir='ltr'>istic</span> <span class='ocrx_word' id='word_1_143' title='bbox 802 2340 923 2439; x_wconf 75' lang='lat' dir='ltr'>sarra⁰)</span> <span class='ocrx_word' id='word_1_144' title='bbox 952 2346 1101 2436; x_wconf 80' lang='lat' dir='ltr'>expilata</span> 
     </span>
     <span class='ocr_line' id='line_1_22' title="bbox 113 2446 1101 2537; baseline -0.002 -22"><span class='ocrx_word' id='word_1_145' title='bbox 113 2468 205 2531; x_wconf 88' lang='lat' dir='ltr'>esse,</span> <span class='ocrx_word' id='word_1_146' title='bbox 242 2446 314 2515; x_wconf 89' lang='lat' dir='ltr'>scio</span> <span class='ocrx_word' id='word_1_147' title='bbox 347 2470 449 2533; x_wconf 90' lang='lat' dir='ltr'>posse</span> <span class='ocrx_word' id='word_1_148' title='bbox 479 2447 549 2515; x_wconf 85' lang='lat' dir='ltr'>alia</span> <span class='ocrx_word' id='word_1_149' title='bbox 576 2446 689 2516; x_wconf 90' lang='lat' dir='ltr'>multa</span> <span class='ocrx_word' id='word_1_150' title='bbox 718 2448 939 2537; x_wconf 82' lang='lat' dir='ltr'>respouderi3</span> <span class='ocrx_word' id='word_1_151' title='bbox 982 2450 1042 2514; x_wconf 91' lang='lat' dir='ltr'>sed</span> <span class='ocrx_word' id='word_1_152' title='bbox 1069 2459 1101 2515; x_wconf 92' lang='lat' dir='ltr'>te</span> 
     </span>
     <span class='ocr_line' id='line_1_23' title="bbox 112 2538 1101 2635; baseline 0 -20"><span class='ocrx_word' id='word_1_153' title='bbox 112 2570 255 2616; x_wconf 88' lang='lat' dir='ltr'>oramus</span> <span class='ocrx_word' id='word_1_154' title='bbox 276 2560 311 2616; x_wconf 90' lang='lat' dir='ltr'>et</span> <span class='ocrx_word' id='word_1_155' title='bbox 325 2538 515 2617; x_wconf 67' lang='lat' dir='ltr'>lutherus</span> <span class='ocrx_word' id='word_1_156' title='bbox 542 2561 576 2617; x_wconf 91' lang='lat' dir='ltr'>et</span> <span class='ocrx_word' id='word_1_157' title='bbox 597 2539 815 2616; x_wconf 78' lang='lat' dir='ltr'>Ioochduus</span> <span class='ocrx_word' id='word_1_158' title='bbox 841 2560 876 2617; x_wconf 89' lang='lat' dir='ltr'>et</span> <span class='ocrx_word' id='word_1_159' title='bbox 896 2572 976 2635; x_wconf 83' lang='lat' dir='ltr'>ego,</span> <span class='ocrx_word' id='word_1_160' title='bbox 1007 2544 1101 2617; x_wconf 80' lang='lat' dir='ltr'>hcine</span> 
     </span>
     <span class='ocr_line' id='line_1_24' title="bbox 112 2642 1103 2739; baseline -0.001 -22"><span class='ocrx_word' id='word_1_161' title='bbox 112 2642 332 2717; x_wconf 82' lang='lat' dir='ltr'>Berloldum</span> <span class='ocrx_word' id='word_1_162' title='bbox 349 2648 510 2732; x_wconf 81' lang='lat' dir='ltr'>adiuves,</span> <span class='ocrx_word' id='word_1_163' title='bbox 543 2652 651 2719; x_wconf 89' lang='lat' dir='ltr'>acad</span> <span class='ocrx_word' id='word_1_164' title='bbox 677 2643 782 2719; x_wconf 77' lang='lat' dir='ltr'>lucius</span> <span class='ocrx_word' id='word_1_165' title='bbox 807 2650 938 2739; x_wconf 87' lang='lat' dir='ltr'>negotii</span> <span class='ocrx_word' id='word_1_166' title='bbox 955 2650 1103 2719; x_wconf 88' lang='lat' dir='ltr'>societa-</span> 
     </span>
     <span class='ocr_line' id='line_1_25' title="bbox 112 2746 1102 2841; baseline -0.003 -20"><span class='ocrx_word' id='word_1_167' title='bbox 112 2764 184 2821; x_wconf 89' lang='lat' dir='ltr'>tem</span> <span class='ocrx_word' id='word_1_168' title='bbox 216 2750 387 2841; x_wconf 89' lang='lat' dir='ltr'>adiungas</span> <span class='ocrx_word' id='word_1_169' title='bbox 412 2746 458 2823; x_wconf 90' lang='lat' dir='ltr'>D.</span> <span class='ocrx_word' id='word_1_170' title='bbox 485 2749 665 2821; x_wconf 84' lang='lat' dir='ltr'>Pastorem</span> <span class='ocrx_word' id='word_1_171' title='bbox 692 2748 931 2819; x_wconf 87' lang='lat' dir='ltr'>Ecclesiarum</span> <span class='ocrx_word' id='word_1_172' title='bbox 964 2764 1102 2819; x_wconf 89' lang='lat' dir='ltr'>nostra-</span> 
     </span>
     <span class='ocr_line' id='line_1_26' title="bbox 111 2847 1100 2946; baseline -0.002 -25"><span class='ocrx_word' id='word_1_173' title='bbox 111 2847 249 2946; x_wconf 77' lang='lat' dir='ltr'>rum²),</span> <span class='ocrx_word' id='word_1_174' title='bbox 289 2853 319 2919; x_wconf 90' lang='lat' dir='ltr'>si</span> <span class='ocrx_word' id='word_1_175' title='bbox 350 2850 419 2920; x_wconf 89' lang='lat' dir='ltr'>erit</span> <span class='ocrx_word' id='word_1_176' title='bbox 448 2874 548 2941; x_wconf 88' lang='lat' dir='ltr'>opus.</span> <span class='ocrx_word' id='word_1_177' title='bbox 612 2850 748 2922; x_wconf 89' lang='lat' dir='ltr'>Poterit</span> <span class='ocrx_word' id='word_1_178' title='bbox 771 2852 972 2921; x_wconf 89' lang='lat' dir='ltr'>adolescens</span> <span class='ocrx_word' id='word_1_179' title='bbox 995 2852 1100 2941; x_wconf 76' lang='lat' dir='ltr'>pardo</span> 
     </span>
     <span class='ocr_line' id='line_1_27' title="bbox 111 2950 1101 3044; baseline 0.004 -23"><span class='ocrx_word' id='word_1_180' title='bbox 111 2967 191 3044; x_wconf 88' lang='lat' dir='ltr'>post</span> <span class='ocrx_word' id='word_1_181' title='bbox 227 2954 357 3023; x_wconf 81' lang='lat' dir='ltr'>servire</span> <span class='ocrx_word' id='word_1_182' title='bbox 397 2954 529 3041; x_wconf 86' lang='lat' dir='ltr'>patriae</span> <span class='ocrx_word' id='word_1_183' title='bbox 569 2953 608 3022; x_wconf 90' lang='lat' dir='ltr'>in</span> <span class='ocrx_word' id='word_1_184' title='bbox 647 2951 814 3023; x_wconf 86' lang='lat' dir='ltr'>Ecclesiis</span> <span class='ocrx_word' id='word_1_185' title='bbox 859 2966 921 3023; x_wconf 82' lang='lat' dir='ltr'>aru</span> <span class='ocrx_word' id='word_1_186' title='bbox 960 2950 1101 3025; x_wconf 85' lang='lat' dir='ltr'>scholis.</span> 
     </span>
     <span class='ocr_line' id='line_1_28' title="bbox 112 3049 894 3147; baseline -0.005 -22"><span class='ocrx_word' id='word_1_187' title='bbox 112 3052 210 3125; x_wconf 84' lang='lat' dir='ltr'>Beue</span> <span class='ocrx_word' id='word_1_188' title='bbox 226 3056 313 3127; x_wconf 83' lang='lat' dir='ltr'>vale.</span> <span class='ocrx_word' id='word_1_189' title='bbox 363 3050 432 3123; x_wconf 90' lang='lat' dir='ltr'>Die</span> <span class='ocrx_word' id='word_1_190' title='bbox 445 3056 505 3129; x_wconf 73' lang='grc'>25.</span> <span class='ocrx_word' id='word_1_191' title='bbox 520 3054 755 3147; x_wconf 86' lang='lat' dir='ltr'>Septembris,</span> <span class='ocrx_word' id='word_1_192' title='bbox 785 3049 894 3126; x_wconf 68' lang='lat'>1542.</span> 
     </span>
     <span class='ocr_line' id='line_1_29' title="bbox 621 3150 1050 3249; baseline 0.005 -24"><span class='ocrx_word' id='word_1_193' title='bbox 621 3152 809 3249; x_wconf 83' lang='lat' dir='ltr'>Philippus</span> <span class='ocrx_word' id='word_1_194' title='bbox 826 3150 1050 3227; x_wconf 85' lang='lat' dir='ltr'>blelantbon.</span> 
     </span>
    </p>
   </div>
   <div class='ocr_carea' id='block_1_5' title="bbox 111 3474 308 3553">
    <p class='ocr_par' dir='ltr' id='par_1_5' title="bbox 111 3474 308 3553">
     <span class='ocr_line' id='line_1_30' title="bbox 111 3474 308 3553; baseline 0.02 -6"><span class='ocrx_word' id='word_1_195' title='bbox 111 3476 178 3549; x_wconf 89' lang='lat' dir='ltr'>No.</span> <span class='ocrx_word' id='word_1_196' title='bbox 195 3474 308 3553; x_wconf 71' lang='lat'><strong>2556.</strong></span> 
     </span>
    </p>
   </div>
   <div class='ocr_carea' id='block_1_6' title="bbox 118 3572 794 3732">
    <p class='ocr_par' dir='ltr' id='par_1_6' title="bbox 118 3572 794 3732">
     <span class='ocr_line' id='line_1_31' title="bbox 118 3572 794 3732; baseline -0.006 -1"><span class='ocrx_word' id='word_1_197' title='bbox 118 3572 290 3601; x_wconf 49' lang='grc' dir='ltr'>Μ</span> <span class='ocrx_word' id='word_1_198' title='bbox 420 3642 524 3732; x_wconf 73' lang='lat' dir='ltr'>Vico</span> <span class='ocrx_word' id='word_1_199' title='bbox 557 3643 794 3730; x_wconf 79' lang='lat' dir='ltr'>Theodoro.</span> 
     </span>
    </p>
   </div>
   <div class='ocr_carea' id='block_1_7' title="bbox 180 3804 1101 3946">
    <p class='ocr_par' dir='ltr' id='par_1_7' title="bbox 180 3804 1101 3946">
     <span class='ocr_line' id='line_1_32' title="bbox 180 3804 1101 3879; baseline 0.004 -20"><span class='ocrx_word' id='word_1_200' title='bbox 180 3804 266 3878; x_wconf 81' lang='lat' dir='ltr'>Epist.</span> <span class='ocrx_word' id='word_1_201' title='bbox 283 3806 329 3861; x_wconf 87' lang='lat' dir='ltr'>lib.</span> <span class='ocrx_word' id='word_1_202' title='bbox 342 3804 389 3860; x_wconf 83' lang='lat' dir='ltr'>lV.</span> <span class='ocrx_word' id='word_1_203' title='bbox 407 3825 433 3874; x_wconf 83' lang='lat' dir='ltr'>p.</span> <span class='ocrx_word' id='word_1_204' title='bbox 449 3806 500 3861; x_wconf 79' lang='lat' dir='ltr'>too</span> <span class='ocrx_word' id='word_1_205' title='bbox 510 3825 598 3879; x_wconf 85' lang='lat' dir='ltr'>sq.·-</span> <span class='ocrx_word' id='word_1_206' title='bbox 628 3806 680 3862; x_wconf 88' lang='lat' dir='ltr'>llic</span> <span class='ocrx_word' id='word_1_207' title='bbox 692 3826 721 3861; x_wconf 86' lang='lat' dir='ltr'>er</span> <span class='ocrx_word' id='word_1_208' title='bbox 736 3806 902 3879; x_wconf 78' lang='lat' dir='ltr'>autographo</span> <span class='ocrx_word' id='word_1_209' title='bbox 916 3804 945 3860; x_wconf 85' lang='lat' dir='ltr'>in</span> <span class='ocrx_word' id='word_1_210' title='bbox 960 3809 1021 3863; x_wconf 87' lang='lat' dir='ltr'>cod.</span> <span class='ocrx_word' id='word_1_211' title='bbox 1036 3809 1101 3863; x_wconf 87' lang='lat' dir='ltr'>blo·</span> 
     </span>
     <span class='ocr_line' id='line_1_33' title="bbox 214 3875 427 3946; baseline 0.009 -19"><span class='ocrx_word' id='word_1_212' title='bbox 214 3894 274 3931; x_wconf 83' lang='lat' dir='ltr'>uac.</span> <span class='ocrx_word' id='word_1_213' title='bbox 288 3875 310 3931; x_wconf 89' lang='grc' dir='ltr'>Ι.</span> <span class='ocrx_word' id='word_1_214' title='bbox 327 3896 353 3946; x_wconf 89' lang='lat' dir='ltr'>p.</span> <span class='ocrx_word' id='word_1_215' title='bbox 367 3878 427 3931; x_wconf 76' lang='lat'>567.</span> 
     </span>
    </p>
   </div>
   <div class='ocr_carea' id='block_1_8' title="bbox 110 4027 1104 4228">
    <p class='ocr_par' dir='ltr' id='par_1_8' title="bbox 110 4027 1104 4228">
     <span class='ocr_line' id='line_1_34' title="bbox 110 4027 1104 4129; baseline 0.002 -27"><span class='ocrx_word' id='word_1_216' title='bbox 110 4027 166 4108; x_wconf 88' lang='lat' dir='ltr'>D.</span> <span class='ocrx_word' id='word_1_217' title='bbox 193 4028 239 4107; x_wconf 93' lang='lat' dir='ltr'><em>V</em></span> <span class='ocrx_word' id='word_1_218' title='bbox 239 4032 306 4103; x_wconf 79' lang='lat' dir='ltr'>ito</span> <span class='ocrx_word' id='word_1_219' title='bbox 331 4028 370 4104; x_wconf 88' lang='lat' dir='ltr'><em>T</em></span> <span class='ocrx_word' id='word_1_220' title='bbox 376 4028 596 4115; x_wconf 78' lang='lat' dir='ltr'>deodato,</span> <span class='ocrx_word' id='word_1_221' title='bbox 632 4027 774 4102; x_wconf 80' lang='lat' dir='ltr'>docenti</span> <span class='ocrx_word' id='word_1_222' title='bbox 793 4029 944 4129; x_wconf 76' lang='lat' dir='ltr'>Erong.</span> <span class='ocrx_word' id='word_1_223' title='bbox 967 4033 1006 4104; x_wconf 80' lang='lat' dir='ltr'>in</span> <span class='ocrx_word' id='word_1_224' title='bbox 1028 4032 1104 4105; x_wconf 87' lang='lat' dir='ltr'>Ec-</span> 
     </span>
     <span class='ocr_line' id='line_1_35' title="bbox 458 4130 758 4228; baseline 0.003 -21"><span class='ocrx_word' id='word_1_225' title='bbox 458 4134 540 4207; x_wconf 84' lang='lat' dir='ltr'>clcs.</span> <span class='ocrx_word' id='word_1_226' title='bbox 559 4130 758 4228; x_wconf 84' lang='lat' dir='ltr'>Noribcrg.</span> 
     </span>
    </p>
   </div>
   <div class='ocr_carea' id='block_1_9' title="bbox 111 4246 1104 4461">
    <p class='ocr_par' dir='ltr' id='par_1_9' title="bbox 111 4246 1104 4461">
     <span class='ocr_line' id='line_1_36' title="bbox 111 4246 1103 4360; baseline 0.004 -25"><span class='ocrx_word' id='word_1_227' title='bbox 111 4246 155 4335; x_wconf 85' lang='lat' dir='ltr'>S.</span> <span class='ocrx_word' id='word_1_228' title='bbox 183 4264 228 4341; x_wconf 88' lang='lat' dir='ltr'>D.</span> <span class='ocrx_word' id='word_1_229' title='bbox 278 4266 410 4356; x_wconf 89' lang='lat' dir='ltr'>Magna</span> <span class='ocrx_word' id='word_1_230' title='bbox 427 4293 506 4339; x_wconf 93' lang='lat' dir='ltr'>cum</span> <span class='ocrx_word' id='word_1_231' title='bbox 521 4268 755 4337; x_wconf 89' lang='lat' dir='ltr'>admiratione</span> <span class='ocrx_word' id='word_1_232' title='bbox 769 4268 838 4355; x_wconf 88' lang='lat' dir='ltr'>legi</span> <span class='ocrx_word' id='word_1_233' title='bbox 855 4266 1004 4337; x_wconf 89' lang='lat' dir='ltr'>Venetas</span> <span class='ocrx_word' id='word_1_234' title='bbox 1020 4293 1103 4360; x_wconf 91' lang='lat' dir='ltr'>pro-</span> 
     </span>
     <span class='ocr_line' id='line_1_37' title="bbox 111 4364 1104 4461; baseline 0.005 -26"><span class='ocrx_word' id='word_1_235' title='bbox 111 4370 286 4454; x_wconf 86' lang='lat' dir='ltr'>ditiones,</span> <span class='ocrx_word' id='word_1_236' title='bbox 320 4395 380 4439; x_wconf 90' lang='lat' dir='ltr'>seu</span> <span class='ocrx_word' id='word_1_237' title='bbox 397 4370 553 4440; x_wconf 88' lang='lat' dir='ltr'>Gallicas</span> <span class='ocrx_word' id='word_1_238' title='bbox 573 4370 702 4461; x_wconf 71' lang='lat' dir='ltr'>partius.</span> <span class='ocrx_word' id='word_1_239' title='bbox 753 4364 789 4438; x_wconf 91' lang='grc'><strong>0</strong></span> <span class='ocrx_word' id='word_1_240' title='bbox 810 4393 884 4438; x_wconf 90' lang='lat' dir='ltr'>rem</span> <span class='ocrx_word' id='word_1_241' title='bbox 909 4371 1104 4461; x_wconf 84' lang='lat' dir='ltr'>indignam,</span> 
     </span>
    </p>
   </div>
   <div class='ocr_carea' id='block_1_10' title="bbox 146 4587 1103 4732">
    <p class='ocr_par' dir='ltr' id='par_1_10' title="bbox 146 4587 1103 4732">
     <span class='ocr_line' id='line_1_38' title="bbox 146 4587 1103 4661; baseline -0.004 -14"><span class='ocrx_word' id='word_1_242' title='bbox 146 4597 173 4661; x_wconf 83' lang='lat'>1)</span> <span class='ocrx_word' id='word_1_243' title='bbox 195 4601 289 4644; x_wconf 83' lang='lat' dir='ltr'>uestra</span> <span class='ocrx_word' id='word_1_244' title='bbox 312 4591 426 4645; x_wconf 82' lang='lat' dir='ltr'>Fritseh.</span> <span class='ocrx_word' id='word_1_245' title='bbox 447 4620 479 4631; x_wconf 94' lang='lat'>-</span> <span class='ocrx_word' id='word_1_246' title='bbox 516 4587 621 4644; x_wconf 81' lang='lat' dir='ltr'>Uusch.</span> <span class='ocrx_word' id='word_1_247' title='bbox 640 4588 740 4642; x_wconf 82' lang='lat' dir='ltr'>Nacbr.</span> <span class='ocrx_word' id='word_1_248' title='bbox 762 4588 878 4644; x_wconf 79' lang='lat' dir='ltr'>Vetera.</span> <span class='ocrx_word' id='word_1_249' title='bbox 903 4622 938 4632; x_wconf 94' lang='lat'><em>-</em></span> <span class='ocrx_word' id='word_1_250' title='bbox 979 4589 1050 4642; x_wconf 72' lang='lat' dir='ltr'>vida</span> <span class='ocrx_word' id='word_1_251' title='bbox 1069 4590 1103 4643; x_wconf 86' lang='lat' dir='ltr'>de</span> 
     </span>
     <span class='ocr_line' id='line_1_39' title="bbox 183 4656 769 4732; baseline -0.002 -19"><span class='ocrx_word' id='word_1_252' title='bbox 183 4660 278 4714; x_wconf 85' lang='lat' dir='ltr'>llichio</span> <span class='ocrx_word' id='word_1_253' title='bbox 292 4660 419 4729; x_wconf 68' lang='lat' dir='ltr'>(tteiett)</span> <span class='ocrx_word' id='word_1_254' title='bbox 436 4661 513 4732; x_wconf 82' lang='lat' dir='ltr'>epist.</span> <span class='ocrx_word' id='word_1_255' title='bbox 527 4660 554 4713; x_wconf 90' lang='lat' dir='ltr'>d.</span> <span class='ocrx_word' id='word_1_256' title='bbox 570 4658 611 4713; x_wconf 86' lang='lat'>17.</span> <span class='ocrx_word' id='word_1_257' title='bbox 627 4658 691 4712; x_wconf 87' lang='lat' dir='ltr'>Oct.</span> <span class='ocrx_word' id='word_1_258' title='bbox 705 4656 732 4712; x_wconf 90' lang='lat' dir='ltr'>h.</span> <span class='ocrx_word' id='word_1_259' title='bbox 746 4675 769 4712; x_wconf 77' lang='lat' dir='ltr'>a.</span> 
     </span>
    </p>
   </div>
   <div class='ocr_carea' id='block_1_11' title="bbox 146 4742 1102 4818">
    <p class='ocr_par' dir='ltr' id='par_1_11' title="bbox 146 4742 1102 4818">
     <span class='ocr_line' id='line_1_40' title="bbox 146 4742 1102 4818; baseline -0.004 -17"><span class='ocrx_word' id='word_1_260' title='bbox 146 4749 178 4818; x_wconf 80' lang='grc' dir='ltr'>Ξ)</span> <span class='ocrx_word' id='word_1_261' title='bbox 197 4745 325 4817; x_wconf 84' lang='lat' dir='ltr'>lntelligit</span> <span class='ocrx_word' id='word_1_262' title='bbox 344 4746 491 4800; x_wconf 81' lang='lat' dir='ltr'>llerrricum</span> <span class='ocrx_word' id='word_1_263' title='bbox 514 4746 670 4812; x_wconf 84' lang='lat' dir='ltr'>iuniorem,</span> <span class='ocrx_word' id='word_1_264' title='bbox 695 4742 802 4797; x_wconf 88' lang='lat' dir='ltr'>Ducem</span> <span class='ocrx_word' id='word_1_265' title='bbox 823 4743 952 4814; x_wconf 59' lang='lat' dir='ltr'>Bruma,</span> <span class='ocrx_word' id='word_1_266' title='bbox 981 4762 1036 4815; x_wconf 91' lang='lat' dir='ltr'>quo</span> <span class='ocrx_word' id='word_1_267' title='bbox 1057 4764 1102 4797; x_wconf 81' lang='lat' dir='ltr'>er-</span> 
     </span>
    </p>
   </div>
   <div class='ocr_carea' id='block_1_12' title="bbox 180 4812 1163 4941">
    <p class='ocr_par' dir='ltr' id='par_1_12' title="bbox 180 4812 1163 4941">
     <span class='ocr_line' id='line_1_41' title="bbox 180 4812 1163 4941; baseline 0 -74"><span class='ocrx_word' id='word_1_268' title='bbox 180 4818 259 4941; x_wconf 71' lang='lat' dir='ltr'>polso</span> <span class='ocrx_word' id='word_1_269' title='bbox 284 4832 348 4870; x_wconf 82' lang='lat' dir='ltr'>curs</span> <span class='ocrx_word' id='word_1_270' title='bbox 373 4814 449 4867; x_wconf 82' lang='lat' dir='ltr'>istius</span> <span class='ocrx_word' id='word_1_271' title='bbox 473 4813 629 4885; x_wconf 78' lang='lat' dir='ltr'>provinciae</span> <span class='ocrx_word' id='word_1_272' title='bbox 653 4830 715 4867; x_wconf 83' lang='lat' dir='ltr'>cunr</span> <span class='ocrx_word' id='word_1_273' title='bbox 740 4812 799 4864; x_wconf 79' lang='lat' dir='ltr'>aliis</span> <span class='ocrx_word' id='word_1_274' title='bbox 824 4813 984 4867; x_wconf 80' lang='lat' dir='ltr'>demandata</span> <span class='ocrx_word' id='word_1_275' title='bbox 1014 4813 1103 4867; x_wconf 82' lang='lat' dir='ltr'>fuerat</span> <span class='ocrx_word' id='word_1_276' title='bbox 1154 4842 1163 4859; x_wconf 92' lang='lat'><strong>·</strong></span> 
     </span>
    </p>
   </div>
   <div class='ocr_carea' id='block_1_13' title="bbox 144 4881 871 5299">
    <p class='ocr_par' dir='ltr' id='par_1_13' title="bbox 144 4881 871 5299">
     <span class='ocr_line' id='line_1_42' title="bbox 206 4881 871 4955; baseline -0.006 -16"><span class='ocrx_word' id='word_1_277' title='bbox 206 4884 339 4939; x_wconf 80' lang='lat' dir='ltr'>ranciaco.</span> <span class='ocrx_word' id='word_1_278' title='bbox 374 4882 437 4939; x_wconf 79' lang='lat' dir='ltr'>l&#39;id.</span> <span class='ocrx_word' id='word_1_279' title='bbox 449 4901 492 4955; x_wconf 81' lang='lat' dir='ltr'>ep.</span> <span class='ocrx_word' id='word_1_280' title='bbox 508 4883 540 4934; x_wconf 85' lang='lat' dir='ltr'>ad</span> <span class='ocrx_word' id='word_1_281' title='bbox 556 4882 692 4935; x_wconf 79' lang='lat' dir='ltr'>Canierar.</span> <span class='ocrx_word' id='word_1_282' title='bbox 706 4881 732 4934; x_wconf 87' lang='lat' dir='ltr'>d.</span> <span class='ocrx_word' id='word_1_283' title='bbox 744 4881 787 4935; x_wconf 80' lang='lat'>21.</span> <span class='ocrx_word' id='word_1_284' title='bbox 799 4883 871 4952; x_wconf 79' lang='lat' dir='ltr'>Aug.</span> 
     </span>
     <span class='ocr_line' id='line_1_43' title="bbox 145 4966 594 5043; baseline -0.018 -14"><span class='ocrx_word' id='word_1_285' title='bbox 145 4974 174 5043; x_wconf 75' lang='grc'>3)</span> <span class='ocrx_word' id='word_1_286' title='bbox 194 4980 303 5025; x_wconf 81' lang='lat' dir='ltr'>certum</span> <span class='ocrx_word' id='word_1_287' title='bbox 316 4966 391 5021; x_wconf 83' lang='lat' dir='ltr'>addit</span> <span class='ocrx_word' id='word_1_288' title='bbox 404 4976 465 5023; x_wconf 75' lang='lat' dir='ltr'>text.</span> <span class='ocrx_word' id='word_1_289' title='bbox 479 4966 594 5021; x_wconf 80' lang='lat' dir='ltr'>l&#39;citsch.</span> 
     </span>
     <span class='ocr_line' id='line_1_44' title="bbox 144 5054 372 5126; baseline -0.026 -15"><span class='ocrx_word' id='word_1_290' title='bbox 144 5056 173 5126; x_wconf 79' lang='grc'>4)</span> <span class='ocrx_word' id='word_1_291' title='bbox 194 5054 372 5109; x_wconf 71' lang='lat' dir='ltr'>camerario.</span> 
     </span>
     <span class='ocr_line' id='line_1_45' title="bbox 146 5135 845 5210; baseline -0.01 -12"><span class='ocrx_word' id='word_1_292' title='bbox 146 5148 172 5210; x_wconf 72' lang='grc' dir='ltr'>δ’,</span> <span class='ocrx_word' id='word_1_293' title='bbox 191 5140 295 5197; x_wconf 73' lang='grc' dir='ltr'>ῐῖιιςώ.</span> <span class='ocrx_word' id='word_1_294' title='bbox 308 5137 424 5193; x_wconf 63' lang='lat' dir='ltr'>Natho:</span> <span class='ocrx_word' id='word_1_295' title='bbox 445 5155 510 5209; x_wconf 83' lang='lat' dir='ltr'>quas</span> <span class='ocrx_word' id='word_1_296' title='bbox 522 5136 572 5189; x_wconf 78' lang='lat' dir='ltr'>ott</span> <span class='ocrx_word' id='word_1_297' title='bbox 583 5135 680 5204; x_wconf 79' lang='lat' dir='ltr'>mitto,</span> <span class='ocrx_word' id='word_1_298' title='bbox 697 5137 845 5204; x_wconf 78' lang='lat' dir='ltr'>intelligas.</span> 
     </span>
     <span class='ocr_line' id='line_1_46' title="bbox 144 5226 501 5299; baseline -0.022 -14"><span class='ocrx_word' id='word_1_299' title='bbox 144 5233 172 5299; x_wconf 83' lang='lat'>6)</span> <span class='ocrx_word' id='word_1_300' title='bbox 189 5228 292 5284; x_wconf 86' lang='lat' dir='ltr'>llnseb.</span> <span class='ocrx_word' id='word_1_301' title='bbox 308 5226 407 5281; x_wconf 84' lang='lat' dir='ltr'>Nachr.</span> <span class='ocrx_word' id='word_1_302' title='bbox 420 5241 501 5277; x_wconf 82' lang='lat' dir='ltr'>rum.</span> 
     </span>
    </p>
   </div>
   <div class='ocr_carea' id='block_1_14' title="bbox 144 5304 1100 5437">
    <p class='ocr_par' dir='ltr' id='par_1_14' title="bbox 144 5304 1100 5437">
     <span class='ocr_line' id='line_1_47' title="bbox 144 5304 1100 5386; baseline -0.012 -16"><span class='ocrx_word' id='word_1_303' title='bbox 144 5318 171 5386; x_wconf 68' lang='lat'>7]</span> <span class='ocrx_word' id='word_1_304' title='bbox 193 5315 236 5368; x_wconf 77' lang='lat' dir='ltr'>Sic</span> <span class='ocrx_word' id='word_1_305' title='bbox 251 5311 414 5380; x_wconf 80' lang='lat' dir='ltr'>Fritsebius,</span> <span class='ocrx_word' id='word_1_306' title='bbox 439 5309 553 5366; x_wconf 74' lang='lat' dir='ltr'>lostam</span> <span class='ocrx_word' id='word_1_307' title='bbox 570 5308 671 5363; x_wconf 81' lang='lat' dir='ltr'>rectius</span> <span class='ocrx_word' id='word_1_308' title='bbox 692 5309 719 5361; x_wconf 87' lang='lat' dir='ltr'>in</span> <span class='ocrx_word' id='word_1_309' title='bbox 733 5306 837 5363; x_wconf 77' lang='lat' dir='ltr'>Uoseh.</span> <span class='ocrx_word' id='word_1_310' title='bbox 849 5304 953 5363; x_wconf 70' lang='lat' dir='ltr'>uacat.</span> <span class='ocrx_word' id='word_1_311' title='bbox 970 5307 1100 5361; x_wconf 79' lang='lat' dir='ltr'>ecclesias</span> 
     </span>
     <span class='ocr_line' id='line_1_48' title="bbox 179 5392 301 5437; baseline -0.008 0"><span class='ocrx_word' id='word_1_312' title='bbox 179 5392 301 5437; x_wconf 81' lang='lat' dir='ltr'>cestrae.</span> 
     </span>
    </p>
   </div>
   <div class='ocr_carea' id='block_1_15' title="bbox 677 200 1562 287">
    <p class='ocr_par' dir='ltr' id='par_1_15' title="bbox 677 200 1562 287">
     <span class='ocr_line' id='line_1_49' title="bbox 677 200 1562 287; baseline 0.008 -7"><span class='ocrx_word' id='word_1_313' title='bbox 677 200 1115 282; x_wconf 78' lang='lat' dir='ltr'><strong>EPISTOLARUM</strong></span> <span class='ocrx_word' id='word_1_314' title='bbox 1164 202 1278 285; x_wconf 83' lang='lat' dir='ltr'><strong>LIB.</strong></span> <span class='ocrx_word' id='word_1_315' title='bbox 1310 204 1375 286; x_wconf 87' lang='lat' dir='ltr'>lx.</span> <span class='ocrx_word' id='word_1_316' title='bbox 1429 202 1562 287; x_wconf 78' lang='lat'>1542.</span> 
     </span>
    </p>
   </div>
   <div class='ocr_carea' id='block_1_16' title="bbox 2074 214 2138 291">
    <p class='ocr_par' dir='ltr' id='par_1_16' title="bbox 2074 214 2138 291">
     <span class='ocr_line' id='line_1_50' title="bbox 2074 214 2138 291; baseline 0.063 -5"><span class='ocrx_word' id='word_1_317' title='bbox 2074 214 2138 291; x_wconf 77' lang='lat'>872</span> 
     </span>
    </p>
   </div>
   <div class='ocr_carea' id='block_1_17' title="bbox 1146 373 2180 3517">
    <p class='ocr_par' dir='ltr' id='par_1_17' title="bbox 1146 373 2139 1388">
     <span class='ocr_line' id='line_1_51' title="bbox 1146 373 2136 473; baseline 0.008 -24"><span class='ocrx_word' id='word_1_318' title='bbox 1146 373 1261 469; x_wconf 84' lang='lat' dir='ltr'>Reges</span> <span class='ocrx_word' id='word_1_319' title='bbox 1288 392 1321 450; x_wconf 92' lang='lat' dir='ltr'>et</span> <span class='ocrx_word' id='word_1_320' title='bbox 1334 377 1494 452; x_wconf 90' lang='lat' dir='ltr'>Heroum</span> <span class='ocrx_word' id='word_1_321' title='bbox 1515 396 1672 473; x_wconf 89' lang='lat' dir='ltr'>posteros</span> <span class='ocrx_word' id='word_1_322' title='bbox 1695 385 1783 455; x_wconf 88' lang='lat' dir='ltr'>adeo</span> <span class='ocrx_word' id='word_1_323' title='bbox 1806 379 1902 455; x_wconf 92' lang='lat' dir='ltr'>nibil</span> <span class='ocrx_word' id='word_1_324' title='bbox 1926 380 2061 457; x_wconf 86' lang='lat' dir='ltr'>habere</span> <span class='ocrx_word' id='word_1_325' title='bbox 2082 384 2136 457; x_wconf 87' lang='lat' dir='ltr'>he-</span> 
     </span>
     <span class='ocr_line' id='line_1_52' title="bbox 1147 480 2136 577; baseline 0.016 -28"><span class='ocrx_word' id='word_1_326' title='bbox 1147 481 1298 566; x_wconf 90' lang='lat' dir='ltr'>roicum,</span> <span class='ocrx_word' id='word_1_327' title='bbox 1320 496 1361 551; x_wconf 92' lang='lat' dir='ltr'>ut</span> <span class='ocrx_word' id='word_1_328' title='bbox 1375 484 1448 552; x_wconf 89' lang='lat' dir='ltr'>iam</span> <span class='ocrx_word' id='word_1_329' title='bbox 1462 480 1518 552; x_wconf 89' lang='lat' dir='ltr'>his</span> <span class='ocrx_word' id='word_1_330' title='bbox 1535 486 1746 577; x_wconf 89' lang='lat' dir='ltr'>turpissimis</span> <span class='ocrx_word' id='word_1_331' title='bbox 1759 487 1896 559; x_wconf 90' lang='lat' dir='ltr'>artibus</span> <span class='ocrx_word' id='word_1_332' title='bbox 1914 489 2136 564; x_wconf 89' lang='lat' dir='ltr'>delectentur.</span> 
     </span>
     <span class='ocr_line' id='line_1_53' title="bbox 1149 579 2138 681; baseline 0.011 -27"><span class='ocrx_word' id='word_1_333' title='bbox 1149 580 1219 654; x_wconf 86' lang='lat' dir='ltr'>Sed</span> <span class='ocrx_word' id='word_1_334' title='bbox 1247 584 1405 653; x_wconf 83' lang='lat' dir='ltr'>fortassis</span> <span class='ocrx_word' id='word_1_335' title='bbox 1439 579 1506 655; x_wconf 92' lang='lat' dir='ltr'>hoc</span> <span class='ocrx_word' id='word_1_336' title='bbox 1538 612 1680 681; x_wconf 89' lang='lat' dir='ltr'>quoque</span> <span class='ocrx_word' id='word_1_337' title='bbox 1713 603 1916 680; x_wconf 93' lang='lat' dir='ltr'>temporum</span> <span class='ocrx_word' id='word_1_338' title='bbox 1943 591 2060 660; x_wconf 84' lang='lat' dir='ltr'>fatum</span> <span class='ocrx_word' id='word_1_339' title='bbox 2085 607 2138 666; x_wconf 88' lang='lat' dir='ltr'>est.</span> 
     </span>
     <span class='ocr_line' id='line_1_54' title="bbox 1150 682 2139 783; baseline 0.007 -27"><span class='ocrx_word' id='word_1_340' title='bbox 1150 682 1305 773; x_wconf 82' lang='lat' dir='ltr'>Quando</span> <span class='ocrx_word' id='word_1_341' title='bbox 1334 710 1493 780; x_wconf 93' lang='lat' dir='ltr'>unquam</span> <span class='ocrx_word' id='word_1_342' title='bbox 1523 689 1605 759; x_wconf 90' lang='lat' dir='ltr'>talis</span> <span class='ocrx_word' id='word_1_343' title='bbox 1627 703 1820 782; x_wconf 89' lang='lat' dir='ltr'>proventus</span> <span class='ocrx_word' id='word_1_344' title='bbox 1844 691 1916 761; x_wconf 86' lang='lat' dir='ltr'>fuit</span> <span class='ocrx_word' id='word_1_345' title='bbox 1939 692 2139 783; x_wconf 84' lang='lat' dir='ltr'>perfidioso-</span> 
     </span>
     <span class='ocr_line' id='line_1_55' title="bbox 1149 788 2139 880; baseline 0.008 -25"><span class='ocrx_word' id='word_1_346' title='bbox 1149 809 1231 856; x_wconf 87' lang='lat' dir='ltr'>rum</span> <span class='ocrx_word' id='word_1_347' title='bbox 1251 788 1502 877; x_wconf 86' lang='lat' dir='ltr'>ingeniorum?</span> <span class='ocrx_word' id='word_1_348' title='bbox 1553 788 1645 859; x_wconf 89' lang='lat' dir='ltr'>Vide</span> <span class='ocrx_word' id='word_1_349' title='bbox 1668 790 1835 876; x_wconf 89' lang='lat' dir='ltr'>Politias,</span> <span class='ocrx_word' id='word_1_350' title='bbox 1859 793 1945 862; x_wconf 86' lang='lat' dir='ltr'>vide</span> <span class='ocrx_word' id='word_1_351' title='bbox 1959 788 2139 880; x_wconf 84' lang='lat' dir='ltr'>Ecclesias,</span> 
     </span>
     <span class='ocr_line' id='line_1_56' title="bbox 1150 890 2137 987; baseline 0.009 -31"><span class='ocrx_word' id='word_1_352' title='bbox 1150 911 1240 981; x_wconf 87' lang='lat' dir='ltr'>quae</span> <span class='ocrx_word' id='word_1_353' title='bbox 1268 890 1397 982; x_wconf 90' lang='lat' dir='ltr'>passim</span> <span class='ocrx_word' id='word_1_354' title='bbox 1426 904 1540 981; x_wconf 91' lang='lat' dir='ltr'>pestes</span> <span class='ocrx_word' id='word_1_355' title='bbox 1563 904 1597 961; x_wconf 90' lang='lat' dir='ltr'>ct</span> <span class='ocrx_word' id='word_1_356' title='bbox 1618 916 1700 961; x_wconf 82' lang='lat' dir='ltr'>vere</span> <span class='ocrx_word' id='word_1_357' title='bbox 1723 892 1925 986; x_wconf 71' lang='grc' dir='ltr'><em>κακοηθεΐς</em></span> <span class='ocrx_word' id='word_1_358' title='bbox 1945 890 2137 987; x_wconf 85' lang='lat' dir='ltr'>deprehen-</span> 
     </span>
     <span class='ocr_line' id='line_1_57' title="bbox 1151 988 2137 1088; baseline 0.007 -29"><span class='ocrx_word' id='word_1_359' title='bbox 1151 992 1296 1060; x_wconf 90' lang='lat' dir='ltr'>duntur.</span> <span class='ocrx_word' id='word_1_360' title='bbox 1348 988 1432 1060; x_wconf 92' lang='lat' dir='ltr'>ldeo</span> <span class='ocrx_word' id='word_1_361' title='bbox 1456 994 1592 1077; x_wconf 89' lang='lat' dir='ltr'>scribo,</span> <span class='ocrx_word' id='word_1_362' title='bbox 1624 994 1690 1064; x_wconf 90' lang='lat' dir='ltr'>tibi</span> <span class='ocrx_word' id='word_1_363' title='bbox 1715 1020 1855 1088; x_wconf 91' lang='lat' dir='ltr'>quoque</span> <span class='ocrx_word' id='word_1_364' title='bbox 1876 1010 1920 1066; x_wconf 94' lang='lat' dir='ltr'>ut</span> <span class='ocrx_word' id='word_1_365' title='bbox 1941 996 2012 1064; x_wconf 90' lang='lat' dir='ltr'>sim</span> <span class='ocrx_word' id='word_1_366' title='bbox 2032 998 2137 1066; x_wconf 92' lang='lat' dir='ltr'>moni·</span> 
     </span>
     <span class='ocr_line' id='line_1_58' title="bbox 1151 1093 2135 1186; baseline 0.006 -26"><span class='ocrx_word' id='word_1_367' title='bbox 1151 1104 1226 1176; x_wconf 92' lang='lat' dir='ltr'>tor,</span> <span class='ocrx_word' id='word_1_368' title='bbox 1252 1117 1298 1160; x_wconf 91' lang='lat' dir='ltr'>ne</span> <span class='ocrx_word' id='word_1_369' title='bbox 1312 1093 1511 1184; x_wconf 91' lang='lat' dir='ltr'>promiscue</span> <span class='ocrx_word' id='word_1_370' title='bbox 1534 1096 1592 1163; x_wconf 88' lang='lat' dir='ltr'>vel</span> <span class='ocrx_word' id='word_1_371' title='bbox 1614 1108 1756 1186; x_wconf 90' lang='lat' dir='ltr'>appetas</span> <span class='ocrx_word' id='word_1_372' title='bbox 1777 1096 1841 1182; x_wconf 79' lang='lat' dir='ltr'>vel¹</span> <span class='ocrx_word' id='word_1_373' title='bbox 1859 1097 2042 1183; x_wconf 69' lang='lat' dir='ltr'>admittas!</span> <span class='ocrx_word' id='word_1_374' title='bbox 2056 1099 2135 1167; x_wconf 77' lang='lat' dir='ltr'>nard-</span> 
     </span>
     <span class='ocr_line' id='line_1_59' title="bbox 1152 1192 2134 1283; baseline 0.009 -22"><span class='ocrx_word' id='word_1_375' title='bbox 1152 1205 1268 1262; x_wconf 92' lang='lat' dir='ltr'>torum</span> <span class='ocrx_word' id='word_1_376' title='bbox 1287 1194 1551 1268; x_wconf 82' lang='lat' dir='ltr'>familiaritates.</span> <span class='ocrx_word' id='word_1_377' title='bbox 1602 1192 1856 1267; x_wconf 88' lang='lat' dir='ltr'>Demosthenes</span> <span class='ocrx_word' id='word_1_378' title='bbox 1873 1200 1944 1283; x_wconf 91' lang='lat' dir='ltr'>ait,</span> <span class='ocrx_word' id='word_1_379' title='bbox 1970 1192 2134 1270; x_wconf 66' lang='lat' dir='ltr'>adsersus</span> 
     </span>
     <span class='ocr_line' id='line_1_60' title="bbox 1151 1288 2134 1388; baseline 0.008 -25"><span class='ocrx_word' id='word_1_380' title='bbox 1151 1288 1353 1387; x_wconf 80' lang='lat' dir='ltr'>Tymauos</span> <span class='ocrx_word' id='word_1_381' title='bbox 1370 1292 1516 1364; x_wconf 85' lang='lat' dir='ltr'>unicom</span> <span class='ocrx_word' id='word_1_382' title='bbox 1532 1318 1606 1365; x_wconf 83' lang='lat' dir='ltr'>esse</span> <span class='ocrx_word' id='word_1_383' title='bbox 1624 1291 1785 1384; x_wconf 76' lang='lat' dir='ltr'>vallum,</span> <span class='ocrx_word' id='word_1_384' title='bbox 1817 1296 1969 1369; x_wconf 83' lang='lat' dir='ltr'>unicum</span> <span class='ocrx_word' id='word_1_385' title='bbox 1991 1324 2134 1388; x_wconf 76' lang='lat' dir='ltr'>cnutum,</span> 
     </span>
    </p>

    <p class='ocr_par' dir='ltr' id='par_1_18' title="bbox 1151 1385 2180 3517">
     <span class='ocr_line' id='line_1_61' title="bbox 1152 1385 2180 1496; baseline 0.008 -31"><span class='ocrx_word' id='word_1_386' title='bbox 1152 1390 1337 1469; x_wconf 78' lang='grc' dir='ltr'><em>ἀπιστίαν.</em></span> <span class='ocrx_word' id='word_1_387' title='bbox 1390 1389 1470 1466; x_wconf 84' lang='lat' dir='ltr'>Iloc</span> <span class='ocrx_word' id='word_1_388' title='bbox 1492 1400 1584 1468; x_wconf 90' lang='lat' dir='ltr'>vallo</span> <span class='ocrx_word' id='word_1_389' title='bbox 1612 1400 1768 1491; x_wconf 88' lang='lat' dir='ltr'>profecto</span> <span class='ocrx_word' id='word_1_390' title='bbox 1792 1424 1888 1471; x_wconf 92' lang='lat' dir='ltr'>nunc</span> <span class='ocrx_word' id='word_1_391' title='bbox 1914 1425 2131 1496; x_wconf 89' lang='lat' dir='ltr'>quoquena·</span> <span class='ocrx_word' id='word_1_392' title='bbox 2175 1385 2180 1460; x_wconf 69' lang='lat' dir='ltr'>l</span> 
     </span>
     <span class='ocr_line' id='line_1_62' title="bbox 1151 1498 2130 1592; baseline 0.007 -25"><span class='ocrx_word' id='word_1_393' title='bbox 1151 1498 1207 1567; x_wconf 91' lang='lat' dir='ltr'>bis</span> <span class='ocrx_word' id='word_1_394' title='bbox 1221 1522 1309 1589; x_wconf 89' lang='lat' dir='ltr'>opus</span> <span class='ocrx_word' id='word_1_395' title='bbox 1325 1512 1376 1567; x_wconf 91' lang='lat' dir='ltr'>est</span> <span class='ocrx_word' id='word_1_396' title='bbox 1391 1500 1560 1569; x_wconf 87' lang='lat' dir='ltr'>adversus</span> <span class='ocrx_word' id='word_1_397' title='bbox 1577 1500 1718 1587; x_wconf 90' lang='lat' dir='ltr'>ingenia</span> <span class='ocrx_word' id='word_1_398' title='bbox 1736 1502 1902 1592; x_wconf 89' lang='lat' dir='ltr'>ambigua</span> <span class='ocrx_word' id='word_1_399' title='bbox 1927 1500 2037 1574; x_wconf 89' lang='lat' dir='ltr'>huius</span> <span class='ocrx_word' id='word_1_400' title='bbox 2056 1516 2130 1574; x_wconf 78' lang='lat' dir='ltr'>tem</span> 
     </span>
     <span class='ocr_line' id='line_1_63' title="bbox 1152 1598 2129 1693; baseline 0.009 -26"><span class='ocrx_word' id='word_1_401' title='bbox 1152 1600 1260 1690; x_wconf 89' lang='lat' dir='ltr'>poris.</span> <span class='ocrx_word' id='word_1_402' title='bbox 1318 1598 1532 1681; x_wconf 88' lang='lat' dir='ltr'>†Paulatim</span> <span class='ocrx_word' id='word_1_403' title='bbox 1553 1604 1663 1690; x_wconf 84' lang='lat' dir='ltr'>magis</span> <span class='ocrx_word' id='word_1_404' title='bbox 1692 1602 1855 1693; x_wconf 80' lang='lat' dir='ltr'>patefacit</span> <span class='ocrx_word' id='word_1_405' title='bbox 1885 1618 2036 1675; x_wconf 87' lang='lat' dir='ltr'>naturae</span> <span class='ocrx_word' id='word_1_406' title='bbox 2062 1629 2129 1676; x_wconf 84' lang='lat' dir='ltr'>suae</span> 
     </span>
     <span class='ocr_line' id='line_1_64' title="bbox 1151 1693 2130 1802; baseline 0.008 -31"><span class='ocrx_word' id='word_1_407' title='bbox 1151 1693 1381 1793; x_wconf 74' lang='grc' dir='ltr'><em>κακοήθειαν</em></span> <span class='ocrx_word' id='word_1_408' title='bbox 1403 1697 1423 1772; x_wconf 87' lang='grc' dir='ltr'><em>ὃ</em></span> <span class='ocrx_word' id='word_1_409' title='bbox 1439 1698 1703 1799; x_wconf 69' lang='grc' dir='ltr'>μελαγχολικὸς</span> <span class='ocrx_word' id='word_1_410' title='bbox 1724 1697 1985 1798; x_wconf 78' lang='grc' dir='ltr'><strong><em>αὐτομολήσας</em></strong></span> <span class='ocrx_word' id='word_1_411' title='bbox 1998 1701 2130 1802; x_wconf 67' lang='lat' dir='ltr'>Aspice</span> 
     </span>
     <span class='ocr_line' id='line_1_65' title="bbox 1152 1795 2180 1914; baseline 0.004 -41"><span class='ocrx_word' id='word_1_412' title='bbox 1152 1795 1193 1873; x_wconf 77' lang='lat' dir='ltr'>di</span> <span class='ocrx_word' id='word_1_413' title='bbox 1216 1802 1254 1883; x_wconf 81' lang='grc' dir='ltr'>ἐξ</span> <span class='ocrx_word' id='word_1_414' title='bbox 1277 1800 1390 1894; x_wconf 65' lang='lat' dir='ltr'>addae</span> <span class='ocrx_word' id='word_1_415' title='bbox 1412 1797 1599 1897; x_wconf 71' lang='grc' dir='ltr'>ἡμετέρας.</span> <span class='ocrx_word' id='word_1_416' title='bbox 1651 1802 1883 1889; x_wconf 88' lang='lat' dir='ltr'>Necdubito,</span> <span class='ocrx_word' id='word_1_417' title='bbox 1910 1807 2002 1900; x_wconf 89' lang='lat' dir='ltr'>quin</span> <span class='ocrx_word' id='word_1_418' title='bbox 2019 1807 2130 1877; x_wconf 82' lang='lat' dir='ltr'>excita·</span> <span class='ocrx_word' id='word_1_419' title='bbox 2173 1855 2180 1914; x_wconf 58' lang='lat'>4</span> 
     </span>
     <span class='ocr_line' id='line_1_66' title="bbox 1154 1902 2130 1997; baseline 0.007 -26"><span class='ocrx_word' id='word_1_420' title='bbox 1154 1916 1253 1973; x_wconf 90' lang='lat' dir='ltr'>turus</span> <span class='ocrx_word' id='word_1_421' title='bbox 1271 1904 1317 1973; x_wconf 91' lang='lat' dir='ltr'>sit</span> <span class='ocrx_word' id='word_1_422' title='bbox 1331 1905 1418 1973; x_wconf 91' lang='lat' dir='ltr'>olim</span> <span class='ocrx_word' id='word_1_423' title='bbox 1432 1905 1587 1997; x_wconf 90' lang='lat' dir='ltr'>aliquam</span> <span class='ocrx_word' id='word_1_424' title='bbox 1604 1905 1642 1973; x_wconf 92' lang='lat' dir='ltr'>in</span> <span class='ocrx_word' id='word_1_425' title='bbox 1656 1902 1813 1976; x_wconf 88' lang='lat' dir='ltr'>Ecclesia</span> <span class='ocrx_word' id='word_1_426' title='bbox 1836 1931 1913 1976; x_wconf 93' lang='lat' dir='ltr'>non</span> <span class='ocrx_word' id='word_1_427' title='bbox 1935 1908 2050 1977; x_wconf 88' lang='lat' dir='ltr'>levem</span> <span class='ocrx_word' id='word_1_428' title='bbox 2070 1922 2130 1979; x_wconf 89' lang='lat' dir='ltr'>tra-</span> 
     </span>
     <span class='ocr_line' id='line_1_67' title="bbox 1153 2002 2131 2097; baseline 0.005 -24"><span class='ocrx_word' id='word_1_429' title='bbox 1153 2005 1327 2094; x_wconf 85' lang='lat' dir='ltr'>goediam.</span> <span class='ocrx_word' id='word_1_430' title='bbox 1377 2002 1474 2074; x_wconf 92' lang='lat' dir='ltr'>Deus</span> <span class='ocrx_word' id='word_1_431' title='bbox 1493 2030 1573 2076; x_wconf 93' lang='lat' dir='ltr'>eum</span> <span class='ocrx_word' id='word_1_432' title='bbox 1592 2007 1761 2097; x_wconf 90' lang='lat' dir='ltr'>reprimat</span> <span class='ocrx_word' id='word_1_433' title='bbox 1775 2021 1809 2079; x_wconf 87' lang='lat' dir='ltr'>et</span> <span class='ocrx_word' id='word_1_434' title='bbox 1824 2005 2021 2086; x_wconf 86' lang='lat' dir='ltr'>coherceat.</span> <span class='ocrx_word' id='word_1_435' title='bbox 2054 2006 2131 2080; x_wconf 87' lang='lat' dir='ltr'>Edi-</span> 
     </span>
     <span class='ocr_line' id='line_1_68' title="bbox 1153 2106 2132 2201; baseline 0.005 -26"><span class='ocrx_word' id='word_1_436' title='bbox 1153 2106 1206 2175; x_wconf 91' lang='lat' dir='ltr'>dit</span> <span class='ocrx_word' id='word_1_437' title='bbox 1221 2106 1497 2198; x_wconf 89' lang='lat' dir='ltr'>propositiones,</span> <span class='ocrx_word' id='word_1_438' title='bbox 1523 2131 1610 2201; x_wconf 92' lang='lat' dir='ltr'>quas</span> <span class='ocrx_word' id='word_1_439' title='bbox 1626 2132 1666 2176; x_wconf 77' lang='lat' dir='ltr'>ex</span> <span class='ocrx_word' id='word_1_440' title='bbox 1682 2107 1802 2201; x_wconf 90' lang='lat' dir='ltr'>Lipsia</span> <span class='ocrx_word' id='word_1_441' title='bbox 1820 2110 1887 2179; x_wconf 90' lang='lat' dir='ltr'>tibi</span> <span class='ocrx_word' id='word_1_442' title='bbox 1910 2111 2048 2182; x_wconf 88' lang='lat' dir='ltr'>mittam</span> <span class='ocrx_word' id='word_1_443' title='bbox 2069 2112 2132 2180; x_wconf 91' lang='lat' dir='ltr'>for·</span> 
     </span>
     <span class='ocr_line' id='line_1_69' title="bbox 1153 2208 2133 2300; baseline 0.005 -25"><span class='ocrx_word' id='word_1_444' title='bbox 1153 2222 1258 2291; x_wconf 90' lang='lat' dir='ltr'>tasse,</span> <span class='ocrx_word' id='word_1_445' title='bbox 1283 2232 1365 2277; x_wconf 93' lang='lat' dir='ltr'>nam</span> <span class='ocrx_word' id='word_1_446' title='bbox 1378 2208 1576 2300; x_wconf 84' lang='lat' dir='ltr'>exemplum</span> <span class='ocrx_word' id='word_1_447' title='bbox 1589 2234 1685 2279; x_wconf 93' lang='lat' dir='ltr'>nune</span> <span class='ocrx_word' id='word_1_448' title='bbox 1698 2234 1772 2280; x_wconf 93' lang='lat' dir='ltr'>non</span> <span class='ocrx_word' id='word_1_449' title='bbox 1784 2226 1858 2282; x_wconf 88' lang='lat' dir='ltr'>erat</span> <span class='ocrx_word' id='word_1_450' title='bbox 1873 2214 1919 2281; x_wconf 90' lang='lat' dir='ltr'>ad</span> <span class='ocrx_word' id='word_1_451' title='bbox 1933 2213 2094 2282; x_wconf 79' lang='lat' dir='ltr'>manum&#39;¹</span> <span class='ocrx_word' id='word_1_452' title='bbox 2103 2213 2133 2296; x_wconf 63' lang='grc' dir='ltr'>Ἴ.</span> 
     </span>
     <span class='ocr_line' id='line_1_70' title="bbox 1154 2302 2132 2385; baseline 0.009 -9"><span class='ocrx_word' id='word_1_453' title='bbox 1154 2302 1371 2378; x_wconf 83' lang='lat' dir='ltr'>Eiclrlerom</span> <span class='ocrx_word' id='word_1_454' title='bbox 1392 2309 1499 2379; x_wconf 90' lang='lat' dir='ltr'>audio</span> <span class='ocrx_word' id='word_1_455' title='bbox 1522 2325 1657 2381; x_wconf 90' lang='lat' dir='ltr'>vestrae</span> <span class='ocrx_word' id='word_1_456' title='bbox 1678 2308 1856 2381; x_wconf 84' lang='lat' dir='ltr'>Ecclesiae</span> <span class='ocrx_word' id='word_1_457' title='bbox 1877 2314 2030 2383; x_wconf 85' lang='lat' dir='ltr'>servire:</span> <span class='ocrx_word' id='word_1_458' title='bbox 2063 2313 2132 2385; x_wconf 82' lang='lat' dir='ltr'>t&#39;ci-</span> 
     </span>
     <span class='ocr_line' id='line_1_71' title="bbox 1153 2409 2134 2512; baseline 0.007 -33"><span class='ocrx_word' id='word_1_459' title='bbox 1153 2436 1236 2479; x_wconf 86' lang='lat' dir='ltr'>narn</span> <span class='ocrx_word' id='word_1_460' title='bbox 1250 2414 1406 2480; x_wconf 89' lang='lat' dir='ltr'>modeste</span> <span class='ocrx_word' id='word_1_461' title='bbox 1423 2412 1562 2484; x_wconf 90' lang='lat' dir='ltr'>serviat.</span> <span class='ocrx_word' id='word_1_462' title='bbox 1605 2414 1719 2483; x_wconf 73' lang='grc' dir='ltr'><em>Δοκεῖ</em></span> <span class='ocrx_word' id='word_1_463' title='bbox 1730 2437 1795 2504; x_wconf 83' lang='grc' dir='ltr'>μοι</span> <span class='ocrx_word' id='word_1_464' title='bbox 1809 2416 2065 2512; x_wconf 69' lang='grc' dir='ltr'>,ιιεγαφροιέῐν</span> <span class='ocrx_word' id='word_1_465' title='bbox 2080 2409 2134 2486; x_wconf 79' lang='lat' dir='ltr'>ad</span> 
     </span>
     <span class='ocr_line' id='line_1_72' title="bbox 1154 2507 2134 2611; baseline 0.005 -27"><span class='ocrx_word' id='word_1_466' title='bbox 1154 2509 1198 2584; x_wconf 81' lang='grc' dir='ltr'>οὗ</span> <span class='ocrx_word' id='word_1_467' title='bbox 1215 2508 1381 2611; x_wconf 71' lang='lat' dir='ltr'>‹tca&#39;ppau‘</span> <span class='ocrx_word' id='word_1_468' title='bbox 1393 2507 1557 2583; x_wconf 74' lang='grc' dir='ltr'>ταπεινά.</span> <span class='ocrx_word' id='word_1_469' title='bbox 1590 2512 1711 2602; x_wconf 88' lang='lat' dir='ltr'>Quare</span> <span class='ocrx_word' id='word_1_470' title='bbox 1725 2515 1929 2584; x_wconf 85' lang='lat' dir='ltr'>observabis</span> <span class='ocrx_word' id='word_1_471' title='bbox 1944 2518 2021 2587; x_wconf 91' lang='lat' dir='ltr'>eius</span> <span class='ocrx_word' id='word_1_472' title='bbox 2035 2539 2134 2610; x_wconf 76' lang='lat' dir='ltr'>ospa-</span> 
     </span>
     <span class='ocr_line' id='line_1_73' title="bbox 1152 2606 2134 2705; baseline 0 -21"><span class='ocrx_word' id='word_1_473' title='bbox 1152 2609 1264 2685; x_wconf 75' lang='grc' dir='ltr'><strong>τείαν.</strong></span> <span class='ocrx_word' id='word_1_474' title='bbox 1333 2612 1440 2684; x_wconf 90' lang='lat' dir='ltr'>Hunc</span> <span class='ocrx_word' id='word_1_475' title='bbox 1463 2606 1703 2683; x_wconf 73' lang='lat' dir='ltr'>Mendaeum</span> <span class='ocrx_word' id='word_1_476' title='bbox 1728 2617 1859 2705; x_wconf 91' lang='lat' dir='ltr'>probo,</span> <span class='ocrx_word' id='word_1_477' title='bbox 1899 2631 1934 2687; x_wconf 91' lang='lat' dir='ltr'>et</span> <span class='ocrx_word' id='word_1_478' title='bbox 1961 2618 2026 2687; x_wconf 90' lang='lat' dir='ltr'>tibi</span> <span class='ocrx_word' id='word_1_479' title='bbox 2049 2642 2134 2687; x_wconf 88' lang='lat' dir='ltr'>com·</span> 
     </span>
     <span class='ocr_line' id='line_1_74' title="bbox 1152 2711 2135 2805; baseline 0.005 -22"><span class='ocrx_word' id='word_1_480' title='bbox 1152 2717 1294 2788; x_wconf 90' lang='lat' dir='ltr'>mendo.</span> <span class='ocrx_word' id='word_1_481' title='bbox 1346 2714 1480 2805; x_wconf 88' lang='lat' dir='ltr'>Scripsi</span> <span class='ocrx_word' id='word_1_482' title='bbox 1496 2711 1726 2787; x_wconf 86' lang='lat' dir='ltr'>honorificam</span> <span class='ocrx_word' id='word_1_483' title='bbox 1741 2718 1774 2785; x_wconf 90' lang='lat' dir='ltr'>ci</span> <span class='ocrx_word' id='word_1_484' title='bbox 1790 2720 2135 2789; x_wconf 86' lang='lat' dir='ltr'>commendationem.</span> 
     </span>
     <span class='ocr_line' id='line_1_75' title="bbox 1153 2815 2136 2911; baseline 0.005 -26"><span class='ocrx_word' id='word_1_485' title='bbox 1153 2815 1316 2886; x_wconf 84' lang='lat' dir='ltr'>Profecto</span> <span class='ocrx_word' id='word_1_486' title='bbox 1338 2840 1435 2885; x_wconf 90' lang='lat' dir='ltr'>meos</span> <span class='ocrx_word' id='word_1_487' title='bbox 1468 2818 1607 2887; x_wconf 89' lang='lat' dir='ltr'>labores</span> <span class='ocrx_word' id='word_1_488' title='bbox 1637 2832 1673 2889; x_wconf 93' lang='lat' dir='ltr'>et</span> <span class='ocrx_word' id='word_1_489' title='bbox 1699 2819 1925 2911; x_wconf 88' lang='lat' dir='ltr'>quotidianas</span> <span class='ocrx_word' id='word_1_490' title='bbox 1960 2842 2136 2890; x_wconf 83' lang='lat' dir='ltr'>aerumnas</span> 
     </span>
     <span class='ocr_line' id='line_1_76' title="bbox 1152 2914 2137 3008; baseline 0.003 -23"><span class='ocrx_word' id='word_1_491' title='bbox 1152 2916 1227 2986; x_wconf 91' lang='lat' dir='ltr'>fero</span> <span class='ocrx_word' id='word_1_492' title='bbox 1250 2918 1415 3008; x_wconf 90' lang='lat' dir='ltr'>aequiore</span> <span class='ocrx_word' id='word_1_493' title='bbox 1435 2919 1573 3003; x_wconf 90' lang='lat' dir='ltr'>animo,</span> <span class='ocrx_word' id='word_1_494' title='bbox 1612 2944 1691 2988; x_wconf 85' lang='lat' dir='ltr'>curn</span> <span class='ocrx_word' id='word_1_495' title='bbox 1714 2920 1800 2990; x_wconf 90' lang='lat' dir='ltr'>tales</span> <span class='ocrx_word' id='word_1_496' title='bbox 1820 2914 2060 2991; x_wconf 71' lang='lat' dir='ltr'>scholasticos</span> <span class='ocrx_word' id='word_1_497' title='bbox 2079 2922 2137 2991; x_wconf 88' lang='lat' dir='ltr'>ali·</span> 
     </span>
     <span class='ocr_line' id='line_1_77' title="bbox 1154 3014 2136 3112; baseline 0.01 -28"><span class='ocrx_word' id='word_1_498' title='bbox 1154 3041 1243 3111; x_wconf 89' lang='lat' dir='ltr'>qnos</span> <span class='ocrx_word' id='word_1_499' title='bbox 1263 3014 1380 3088; x_wconf 82' lang='lat' dir='ltr'>adlurc</span> <span class='ocrx_word' id='word_1_500' title='bbox 1395 3021 1551 3112; x_wconf 91' lang='lat' dir='ltr'>reliquos</span> <span class='ocrx_word' id='word_1_501' title='bbox 1565 3043 1637 3090; x_wconf 89' lang='lat' dir='ltr'>esse</span> <span class='ocrx_word' id='word_1_502' title='bbox 1654 3022 1768 3091; x_wconf 83' lang='lat' dir='ltr'>video.</span> <span class='ocrx_word' id='word_1_503' title='bbox 1819 3019 1890 3091; x_wconf 89' lang='lat' dir='ltr'>llic</span> <span class='ocrx_word' id='word_1_504' title='bbox 1913 3036 1967 3093; x_wconf 91' lang='lat' dir='ltr'>est</span> <span class='ocrx_word' id='word_1_505' title='bbox 1990 3045 2083 3093; x_wconf 91' lang='lat' dir='ltr'>unus</span> <span class='ocrx_word' id='word_1_506' title='bbox 2101 3045 2136 3094; x_wconf 77' lang='lat' dir='ltr'>cx</span> 
     </span>
     <span class='ocr_line' id='line_1_78' title="bbox 1152 3118 2137 3213; baseline 0.003 -25"><span class='ocrx_word' id='word_1_507' title='bbox 1152 3120 1313 3213; x_wconf 87' lang='lat' dir='ltr'>reliquiis</span> <span class='ocrx_word' id='word_1_508' title='bbox 1338 3144 1439 3191; x_wconf 81' lang='lat' dir='ltr'>verae</span> <span class='ocrx_word' id='word_1_509' title='bbox 1462 3118 1651 3194; x_wconf 83' lang='lat' dir='ltr'>Ecclesiae.</span> <span class='ocrx_word' id='word_1_510' title='bbox 1708 3121 1828 3211; x_wconf 84' lang='lat' dir='ltr'>Quare</span> <span class='ocrx_word' id='word_1_511' title='bbox 1856 3146 1921 3193; x_wconf 92' lang='lat' dir='ltr'>nec</span> <span class='ocrx_word' id='word_1_512' title='bbox 1954 3147 2018 3193; x_wconf 82' lang='lat' dir='ltr'>ros</span> <span class='ocrx_word' id='word_1_513' title='bbox 2047 3147 2137 3193; x_wconf 79' lang='lat' dir='ltr'>scam·</span> 
     </span>
     <span class='ocr_line' id='line_1_79' title="bbox 1153 3220 2139 3312; baseline 0.004 -22"><span class='ocrx_word' id='word_1_514' title='bbox 1153 3235 1278 3312; x_wconf 87' lang='lat' dir='ltr'>ptuuru</span> <span class='ocrx_word' id='word_1_515' title='bbox 1294 3222 1475 3311; x_wconf 88' lang='lat' dir='ltr'>poenitere</span> <span class='ocrx_word' id='word_1_516' title='bbox 1498 3224 1621 3307; x_wconf 89' lang='lat' dir='ltr'>debet,</span> <span class='ocrx_word' id='word_1_517' title='bbox 1652 3246 1717 3292; x_wconf 90' lang='lat' dir='ltr'>nec</span> <span class='ocrx_word' id='word_1_518' title='bbox 1739 3239 1880 3295; x_wconf 86' lang='lat' dir='ltr'>nostrae</span> <span class='ocrx_word' id='word_1_519' title='bbox 1904 3220 2075 3305; x_wconf 84' lang='lat' dir='ltr'>Scholac,</span> <span class='ocrx_word' id='word_1_520' title='bbox 2105 3226 2139 3294; x_wconf 84' lang='lat' dir='ltr'>iu</span> 
     </span>
     <span class='ocr_line' id='line_1_80' title="bbox 1153 3322 2139 3415; baseline 0.006 -24"><span class='ocrx_word' id='word_1_521' title='bbox 1153 3346 1221 3415; x_wconf 90' lang='lat' dir='ltr'>qua</span> <span class='ocrx_word' id='word_1_522' title='bbox 1240 3322 1383 3403; x_wconf 83' lang='lat' dir='ltr'>divites,</span> <span class='ocrx_word' id='word_1_523' title='bbox 1414 3338 1455 3393; x_wconf 92' lang='lat' dir='ltr'>ut</span> <span class='ocrx_word' id='word_1_524' title='bbox 1476 3324 1562 3393; x_wconf 92' lang='lat' dir='ltr'>alibi</span> <span class='ocrx_word' id='word_1_525' title='bbox 1585 3326 1711 3404; x_wconf 90' lang='lat' dir='ltr'>eredo,</span> <span class='ocrx_word' id='word_1_526' title='bbox 1743 3326 1826 3415; x_wconf 91' lang='lat' dir='ltr'>plus</span> <span class='ocrx_word' id='word_1_527' title='bbox 1847 3325 1918 3396; x_wconf 90' lang='lat' dir='ltr'>sibi</span> <span class='ocrx_word' id='word_1_528' title='bbox 1939 3341 2087 3399; x_wconf 89' lang='lat' dir='ltr'>sumunt</span> <span class='ocrx_word' id='word_1_529' title='bbox 2099 3327 2139 3397; x_wconf 86' lang='lat' dir='ltr'>li-</span> 
     </span>
     <span class='ocr_line' id='line_1_81' title="bbox 1154 3420 2140 3517; baseline 0.005 -24"><span class='ocrx_word' id='word_1_530' title='bbox 1154 3424 1298 3498; x_wconf 84' lang='lat' dir='ltr'>tentiae.</span> <span class='ocrx_word' id='word_1_531' title='bbox 1347 3422 1398 3495; x_wconf 85' lang='lat' dir='ltr'>Et</span> <span class='ocrx_word' id='word_1_532' title='bbox 1412 3448 1478 3492; x_wconf 87' lang='lat' dir='ltr'>nos</span> <span class='ocrx_word' id='word_1_533' title='bbox 1491 3424 1551 3517; x_wconf 89' lang='lat' dir='ltr'>qui</span> <span class='ocrx_word' id='word_1_534' title='bbox 1566 3426 1744 3495; x_wconf 90' lang='lat' dir='ltr'>moderari</span> <span class='ocrx_word' id='word_1_535' title='bbox 1758 3420 1843 3495; x_wconf 90' lang='lat' dir='ltr'>haec</span> <span class='ocrx_word' id='word_1_536' title='bbox 1856 3427 2042 3517; x_wconf 84' lang='lat' dir='ltr'>cupimus,</span> <span class='ocrx_word' id='word_1_537' title='bbox 2072 3451 2140 3499; x_wconf 91' lang='lat' dir='ltr'>non</span> 
     </span>
    </p>
   </div>
   <div class='ocr_carea' id='block_1_18' title="bbox 1067 3525 2139 3620">
    <p class='ocr_par' dir='ltr' id='par_1_19' title="bbox 1067 3525 2139 3620">
     <span class='ocr_line' id='line_1_82' title="bbox 1067 3525 2139 3620; baseline 0.005 -27"><span class='ocrx_word' id='word_1_538' title='bbox 1067 3529 1075 3543; x_wconf 88' lang='lat'>&#39;</span> <span class='ocrx_word' id='word_1_539' title='bbox 1153 3526 1364 3595; x_wconf 80' lang='lat' dir='ltr'>adiuvamur</span> <span class='ocrx_word' id='word_1_540' title='bbox 1381 3528 1426 3595; x_wconf 92' lang='lat' dir='ltr'>ab</span> <span class='ocrx_word' id='word_1_541' title='bbox 1443 3526 1486 3594; x_wconf 92' lang='lat' dir='ltr'>iis</span> <span class='ocrx_word' id='word_1_542' title='bbox 1503 3525 1564 3619; x_wconf 90' lang='lat' dir='ltr'>qui</span> <span class='ocrx_word' id='word_1_543' title='bbox 1587 3539 1771 3616; x_wconf 87' lang='lat' dir='ltr'>praesunt,</span> <span class='ocrx_word' id='word_1_544' title='bbox 1803 3528 2024 3620; x_wconf 87' lang='lat' dir='ltr'>impedimur</span> <span class='ocrx_word' id='word_1_545' title='bbox 2043 3529 2139 3600; x_wconf 84' lang='lat' dir='ltr'>etiam</span> 
     </span>
    </p>
   </div>
   <div class='ocr_carea' id='block_1_19' title="bbox 1151 3625 2140 5138">
    <p class='ocr_par' dir='ltr' id='par_1_20' title="bbox 1151 3625 2140 3899">
     <span class='ocr_line' id='line_1_83' title="bbox 1152 3625 2139 3718; baseline 0.004 -23"><span class='ocrx_word' id='word_1_546' title='bbox 1152 3627 1380 3708; x_wconf 80' lang='lat' dir='ltr'>almalevolis.</span> <span class='ocrx_word' id='word_1_547' title='bbox 1431 3625 1676 3706; x_wconf 68' lang='lat' dir='ltr'>tinomao.</span> <span class='ocrx_word' id='word_1_548' title='bbox 1705 3640 1745 3698; x_wconf 91' lang='lat' dir='ltr'>ut</span> <span class='ocrx_word' id='word_1_549' title='bbox 1759 3628 1873 3713; x_wconf 86' lang='lat' dir='ltr'>vides,</span> <span class='ocrx_word' id='word_1_550' title='bbox 1905 3625 2139 3718; x_wconf 77' lang='lat' dir='ltr'>difficilis,ltoc</span> 
     </span>
     <span class='ocr_line' id='line_1_84' title="bbox 1153 3725 2140 3819; baseline 0.003 -20"><span class='ocrx_word' id='word_1_551' title='bbox 1153 3742 1310 3819; x_wconf 91' lang='lat' dir='ltr'>tempore</span> <span class='ocrx_word' id='word_1_552' title='bbox 1324 3728 1553 3818; x_wconf 79' lang='lat' dir='ltr'>gubernatio,</span> <span class='ocrx_word' id='word_1_553' title='bbox 1586 3730 1625 3799; x_wconf 90' lang='lat' dir='ltr'>in</span> <span class='ocrx_word' id='word_1_554' title='bbox 1643 3725 1699 3799; x_wconf 91' lang='lat' dir='ltr'>his</span> <span class='ocrx_word' id='word_1_555' title='bbox 1713 3730 1927 3801; x_wconf 89' lang='lat' dir='ltr'>tumultibus</span> <span class='ocrx_word' id='word_1_556' title='bbox 1943 3754 2064 3801; x_wconf 88' lang='lat' dir='ltr'>rerum</span> <span class='ocrx_word' id='word_1_557' title='bbox 2077 3726 2140 3804; x_wconf 85' lang='lat' dir='ltr'>hu-</span> 
     </span>
     <span class='ocr_line' id='line_1_85' title="bbox 1151 3853 1350 3899; baseline 0 -2"><span class='ocrx_word' id='word_1_558' title='bbox 1151 3853 1350 3899; x_wconf 77' lang='lat' dir='ltr'>mariarum.</span> 
     </span>
    </p>

    <p class='ocr_par' dir='ltr' id='par_1_21' title="bbox 1153 3925 2139 4527">
     <span class='ocr_line' id='line_1_86' title="bbox 1253 3925 2139 4005; baseline 0.003 -5"><span class='ocrx_word' id='word_1_559' title='bbox 1253 3928 1347 4000; x_wconf 87' lang='lat' dir='ltr'>Novi</span> <span class='ocrx_word' id='word_1_560' title='bbox 1369 3926 1462 3999; x_wconf 89' lang='lat' dir='ltr'>nibil</span> <span class='ocrx_word' id='word_1_561' title='bbox 1486 3925 1671 4005; x_wconf 86' lang='lat' dir='ltr'>habebam.</span> <span class='ocrx_word' id='word_1_562' title='bbox 1720 3930 1800 4002; x_wconf 88' lang='lat' dir='ltr'>Hoc</span> <span class='ocrx_word' id='word_1_563' title='bbox 1822 3946 1963 4003; x_wconf 91' lang='lat' dir='ltr'>tantum</span> <span class='ocrx_word' id='word_1_564' title='bbox 1987 3936 2086 4004; x_wconf 80' lang='lat' dir='ltr'>venit</span> <span class='ocrx_word' id='word_1_565' title='bbox 2105 3933 2139 4003; x_wconf 88' lang='lat' dir='ltr'>in</span> 
     </span>
     <span class='ocr_line' id='line_1_87' title="bbox 1153 4029 2138 4126; baseline 0.005 -26"><span class='ocrx_word' id='word_1_566' title='bbox 1153 4046 1326 4115; x_wconf 89' lang='lat' dir='ltr'>mentem,</span> <span class='ocrx_word' id='word_1_567' title='bbox 1365 4032 1423 4101; x_wconf 87' lang='lat' dir='ltr'>die</span> <span class='ocrx_word' id='word_1_568' title='bbox 1444 4029 1651 4114; x_wconf 92' lang='lat' dir='ltr'>Dominico,</span> <span class='ocrx_word' id='word_1_569' title='bbox 1693 4058 1763 4125; x_wconf 90' lang='lat' dir='ltr'>quo</span> <span class='ocrx_word' id='word_1_570' title='bbox 1797 4048 1966 4126; x_wconf 89' lang='lat' dir='ltr'>occupata</span> <span class='ocrx_word' id='word_1_571' title='bbox 1996 4050 2050 4108; x_wconf 88' lang='lat' dir='ltr'>est</span> <span class='ocrx_word' id='word_1_572' title='bbox 2073 4034 2138 4106; x_wconf 80' lang='lat' dir='ltr'>dn</span> 
     </span>
     <span class='ocr_line' id='line_1_88' title="bbox 1155 4126 2137 4231; baseline 0.005 -30"><span class='ocrx_word' id='word_1_573' title='bbox 1155 4126 1436 4231; x_wconf 83' lang='lat' dir='ltr'>Guelscnbulel,</span> <span class='ocrx_word' id='word_1_574' title='bbox 1461 4158 1540 4203; x_wconf 93' lang='lat' dir='ltr'>eum</span> <span class='ocrx_word' id='word_1_575' title='bbox 1559 4135 1672 4225; x_wconf 89' lang='lat' dir='ltr'>pridie</span> <span class='ocrx_word' id='word_1_576' title='bbox 1689 4132 1822 4204; x_wconf 91' lang='lat' dir='ltr'>deditio</span> <span class='ocrx_word' id='word_1_577' title='bbox 1839 4138 1928 4205; x_wconf 89' lang='lat' dir='ltr'>facta</span> <span class='ocrx_word' id='word_1_578' title='bbox 1945 4152 2055 4221; x_wconf 91' lang='lat' dir='ltr'>esset,</span> <span class='ocrx_word' id='word_1_579' title='bbox 2078 4134 2137 4206; x_wconf 90' lang='lat' dir='ltr'>fuit</span> 
     </span>
     <span class='ocr_line' id='line_1_89' title="bbox 1153 4236 2137 4327; baseline 0.005 -26"><span class='ocrx_word' id='word_1_580' title='bbox 1153 4238 1264 4304; x_wconf 87' lang='lat' dir='ltr'>veteri</span> <span class='ocrx_word' id='word_1_581' title='bbox 1284 4259 1383 4303; x_wconf 92' lang='lat' dir='ltr'>more</span> <span class='ocrx_word' id='word_1_582' title='bbox 1403 4236 1531 4304; x_wconf 90' lang='lat' dir='ltr'>festum</span> <span class='ocrx_word' id='word_1_583' title='bbox 1553 4236 1784 4306; x_wconf 89' lang='lat' dir='ltr'>dedicationis</span> <span class='ocrx_word' id='word_1_584' title='bbox 1807 4237 1949 4327; x_wconf 91' lang='lat' dir='ltr'>templi:</span> <span class='ocrx_word' id='word_1_585' title='bbox 1985 4237 2137 4308; x_wconf 86' lang='lat' dir='ltr'>Fuemnt</span> 
     </span>
     <span class='ocr_line' id='line_1_90' title="bbox 1153 4331 2136 4432; baseline 0.004 -29"><span class='ocrx_word' id='word_1_586' title='bbox 1153 4336 1261 4425; x_wconf 89' lang='lat' dir='ltr'>igitur</span> <span class='ocrx_word' id='word_1_587' title='bbox 1276 4361 1356 4405; x_wconf 88' lang='lat' dir='ltr'>vere</span> <span class='ocrx_word' id='word_1_588' title='bbox 1371 4331 1549 4432; x_wconf 77' lang='grc' dir='ltr'>ἐγκαίνια.</span> <span class='ocrx_word' id='word_1_589' title='bbox 1582 4335 1673 4407; x_wconf 89' lang='lat' dir='ltr'>Nam</span> <span class='ocrx_word' id='word_1_590' title='bbox 1689 4350 1773 4407; x_wconf 92' lang='lat' dir='ltr'>tune</span> <span class='ocrx_word' id='word_1_591' title='bbox 1788 4338 1945 4430; x_wconf 86' lang='lat' dir='ltr'>primum</span> <span class='ocrx_word' id='word_1_592' title='bbox 1958 4340 2011 4409; x_wconf 89' lang='lat' dir='ltr'>ibi</span> <span class='ocrx_word' id='word_1_593' title='bbox 2027 4362 2136 4409; x_wconf 88' lang='lat' dir='ltr'>emen-</span> 
     </span>
     <span class='ocr_line' id='line_1_91' title="bbox 1153 4436 1550 4527; baseline 0.008 -21"><span class='ocrx_word' id='word_1_594' title='bbox 1153 4438 1230 4506; x_wconf 90' lang='lat' dir='ltr'>dari</span> <span class='ocrx_word' id='word_1_595' title='bbox 1251 4436 1404 4508; x_wconf 86' lang='lat' dir='ltr'>Ecclesia</span> <span class='ocrx_word' id='word_1_596' title='bbox 1424 4437 1550 4527; x_wconf 88' lang='lat' dir='ltr'>coepit.</span> 
     </span>
    </p>

    <p class='ocr_par' dir='ltr' id='par_1_22' title="bbox 1152 4536 2136 5018">
     <span class='ocr_line' id='line_1_92' title="bbox 1254 4536 2136 4632; baseline 0.007 -25"><span class='ocrx_word' id='word_1_597' title='bbox 1254 4536 1415 4609; x_wconf 89' lang='lat' dir='ltr'>Bavarici</span> <span class='ocrx_word' id='word_1_598' title='bbox 1430 4536 1545 4607; x_wconf 91' lang='lat' dir='ltr'>Duces</span> <span class='ocrx_word' id='word_1_599' title='bbox 1560 4539 1691 4608; x_wconf 90' lang='lat' dir='ltr'>nostris</span> <span class='ocrx_word' id='word_1_600' title='bbox 1708 4542 1899 4609; x_wconf 88' lang='lat' dir='ltr'>admodum</span> <span class='ocrx_word' id='word_1_601' title='bbox 1927 4543 2067 4632; x_wconf 87' lang='lat' dir='ltr'>placide</span> <span class='ocrx_word' id='word_1_602' title='bbox 2089 4568 2136 4613; x_wconf 88' lang='lat' dir='ltr'>rc-</span> 
     </span>
     <span class='ocr_line' id='line_1_93' title="bbox 1152 4642 2135 4733; baseline 0.007 -26"><span class='ocrx_word' id='word_1_603' title='bbox 1152 4643 1392 4731; x_wconf 89' lang='lat' dir='ltr'>sponderunt,</span> <span class='ocrx_word' id='word_1_604' title='bbox 1430 4662 1466 4709; x_wconf 89' lang='lat' dir='ltr'>se</span> <span class='ocrx_word' id='word_1_605' title='bbox 1489 4663 1712 4733; x_wconf 90' lang='lat' dir='ltr'>nequaquam</span> <span class='ocrx_word' id='word_1_606' title='bbox 1736 4642 1944 4713; x_wconf 89' lang='lat' dir='ltr'>defensuros</span> <span class='ocrx_word' id='word_1_607' title='bbox 1969 4643 2135 4714; x_wconf 78' lang='lat' dir='ltr'>anssi·</span> 
     </span>
     <span class='ocr_line' id='line_1_94' title="bbox 1153 4742 2135 4840; baseline 0.005 -30"><span class='ocrx_word' id='word_1_608' title='bbox 1153 4766 1310 4825; x_wconf 83' lang='lat' dir='ltr'>censum,</span> <span class='ocrx_word' id='word_1_609' title='bbox 1355 4766 1395 4811; x_wconf 91' lang='lat' dir='ltr'>ac</span> <span class='ocrx_word' id='word_1_610' title='bbox 1415 4766 1460 4809; x_wconf 93' lang='lat' dir='ltr'>ne</span> <span class='ocrx_word' id='word_1_611' title='bbox 1488 4743 1639 4833; x_wconf 89' lang='lat' dir='ltr'>probare</span> <span class='ocrx_word' id='word_1_612' title='bbox 1660 4742 1803 4833; x_wconf 90' lang='lat' dir='ltr'>quidem</span> <span class='ocrx_word' id='word_1_613' title='bbox 1829 4744 2018 4837; x_wconf 89' lang='lat' dir='ltr'>pleraque,</span> <span class='ocrx_word' id='word_1_614' title='bbox 2056 4769 2135 4840; x_wconf 85' lang='lat' dir='ltr'>quae</span> 
     </span>
     <span class='ocr_line' id='line_1_95' title="bbox 1152 4841 2135 4935; baseline 0.007 -24"><span class='ocrx_word' id='word_1_615' title='bbox 1152 4843 1363 4914; x_wconf 78' lang='lat' dir='ltr'>inconsultis</span> <span class='ocrx_word' id='word_1_616' title='bbox 1379 4842 1464 4935; x_wconf 89' lang='lat' dir='ltr'>ipsis</span> <span class='ocrx_word' id='word_1_617' title='bbox 1478 4842 1639 4917; x_wconf 87' lang='lat' dir='ltr'>moverit.</span> <span class='ocrx_word' id='word_1_618' title='bbox 1672 4841 1769 4914; x_wconf 89' lang='lat' dir='ltr'>Bene</span> <span class='ocrx_word' id='word_1_619' title='bbox 1784 4844 1873 4914; x_wconf 72' lang='lat' dir='ltr'>sude.</span> <span class='ocrx_word' id='word_1_620' title='bbox 1896 4843 1966 4915; x_wconf 87' lang='lat' dir='ltr'>Dic</span> <span class='ocrx_word' id='word_1_621' title='bbox 1980 4849 2018 4921; x_wconf 79' lang='lat'>2.</span> <span class='ocrx_word' id='word_1_622' title='bbox 2034 4842 2135 4918; x_wconf 88' lang='lat' dir='ltr'>Octo-</span> 
     </span>
     <span class='ocr_line' id='line_1_96' title="bbox 1152 4944 1238 5018; baseline 0.035 -3"><span class='ocrx_word' id='word_1_623' title='bbox 1152 4944 1238 5018; x_wconf 90' lang='lat' dir='ltr'>bris.</span> 
     </span>
    </p>

    <p class='ocr_par' dir='ltr' id='par_1_23' title="bbox 1661 5036 2094 5138">
     <span class='ocr_line' id='line_1_97' title="bbox 1661 5036 2094 5138; baseline 0.021 -25"><span class='ocrx_word' id='word_1_624' title='bbox 1661 5036 1849 5138; x_wconf 85' lang='lat' dir='ltr'>Philippus</span> <span class='ocrx_word' id='word_1_625' title='bbox 1868 5043 2094 5122; x_wconf 85' lang='lat' dir='ltr'>Melanthon.</span> 
     </span>
    </p>
   </div>
   <div class='ocr_carea' id='block_1_20' title="bbox 1149 5180 1378 5197">
    <p class='ocr_par' dir='ltr' id='par_1_24' title="bbox 1149 5180 1378 5197">
     <span class='ocr_line' id='line_1_98' title="bbox 1149 5180 1378 5197; baseline -0.009 0"><span class='ocrx_word' id='word_1_626' title='bbox 1149 5180 1378 5197; x_wconf 52' lang='lat' dir='ltr'>m</span> 
     </span>
    </p>
   </div>
   <div class='ocr_carea' id='block_1_21' title="bbox 1186 5295 2138 5444">
    <p class='ocr_par' dir='ltr' id='par_1_25' title="bbox 1186 5295 2138 5444">
     <span class='ocr_line' id='line_1_99' title="bbox 1186 5295 2138 5373; baseline 0.003 -22"><span class='ocrx_word' id='word_1_627' title='bbox 1186 5300 1215 5362; x_wconf 84' lang='lat'>1)</span> <span class='ocrx_word' id='word_1_628' title='bbox 1232 5297 1313 5352; x_wconf 84' lang='lat' dir='ltr'>lione</span> <span class='ocrx_word' id='word_1_629' title='bbox 1326 5306 1413 5351; x_wconf 89' lang='lat' dir='ltr'>totam</span> <span class='ocrx_word' id='word_1_630' title='bbox 1427 5298 1519 5351; x_wconf 88' lang='lat' dir='ltr'>locum</span> <span class='ocrx_word' id='word_1_631' title='bbox 1532 5295 1681 5351; x_wconf 81' lang='lat' dir='ltr'>Saubertus</span> <span class='ocrx_word' id='word_1_632' title='bbox 1692 5315 1749 5352; x_wconf 86' lang='lat' dir='ltr'>non</span> <span class='ocrx_word' id='word_1_633' title='bbox 1761 5297 1854 5353; x_wconf 84' lang='lat' dir='ltr'>edidit.</span> <span class='ocrx_word' id='word_1_634' title='bbox 1889 5298 1933 5355; x_wconf 84' lang='lat' dir='ltr'>De</span> <span class='ocrx_word' id='word_1_635' title='bbox 1947 5317 2067 5373; x_wconf 82' lang='lat' dir='ltr'>quonam</span> <span class='ocrx_word' id='word_1_636' title='bbox 2081 5301 2138 5357; x_wconf 76' lang='lat' dir='ltr'>lelcl.</span> 
     </span>
     <span class='ocr_line' id='line_1_100' title="bbox 1219 5364 2117 5444; baseline 0.003 -22"><span class='ocrx_word' id='word_1_637' title='bbox 1219 5370 1363 5437; x_wconf 78' lang='lat' dir='ltr'>loquatur,</span> <span class='ocrx_word' id='word_1_638' title='bbox 1380 5364 1494 5421; x_wconf 78' lang='lat' dir='ltr'>definire</span> <span class='ocrx_word' id='word_1_639' title='bbox 1508 5383 1564 5420; x_wconf 84' lang='lat' dir='ltr'>uon</span> <span class='ocrx_word' id='word_1_640' title='bbox 1579 5384 1701 5438; x_wconf 82' lang='lat' dir='ltr'>possum.</span> <span class='ocrx_word' id='word_1_641' title='bbox 1736 5366 1863 5424; x_wconf 76' lang='lat' dir='ltr'>Fortasse</span> <span class='ocrx_word' id='word_1_642' title='bbox 1877 5368 1914 5428; x_wconf 78' lang='lat' dir='ltr'>cle</span> <span class='ocrx_word' id='word_1_643' title='bbox 1929 5371 1968 5426; x_wconf 83' lang='lat' dir='ltr'>lo.</span> <span class='ocrx_word' id='word_1_644' title='bbox 1982 5372 2117 5444; x_wconf 76' lang='lat' dir='ltr'>Agricola.</span> 
     </span>
    </p>
   </div>
   <div class='ocr_carea' id='block_1_22' title="bbox 0 0 2271 5748">
    <p class='ocr_par' dir='ltr' id='par_1_26' title="bbox 0 0 2271 5748">
     <span class='ocr_line' id='line_1_101' title="bbox 0 0 2271 5748; baseline 0 0"><span class='ocrx_word' id='word_1_645' title='bbox 0 0 2271 5748; x_wconf 95' lang='lat' dir='ltr'> </span> 
     </span>
    </p>
   </div>
  </div>
 </body>
</html>
