4522 5752
162 186 232 273 xtt'
762 195 1033 275 ANNALES
1067 195 1250 272 VITAE
1285 199 1414 280 MEI..
1471 202 1600 283 1541.

39 298 44 305 ⁸
173 312 261 368 Mart.

186 402 246 463 22,
288 374 416 440 Carmen
437 376 527 441 facit:
564 377 747 457 „detestatio
772 370 1009 461 neglIgentiae'',
1041 401 1082 443 ex
1106 400 1172 463 cap.
1194 385 1252 448 17.
1277 378 1389 444 Exodi.

77 483 81 491 ¹
189 516 249 579 28.
290 511 403 594 Regem
429 506 545 573 Galliae
571 517 739 594 supplicat,
772 535 811 595 ιιι
832 510 1032 578 Protectantas
1058 517 1092 576 in
1118 500 1445 602 Galliapersequatur.

194 647 253 711 29·
289 642 419 708 Scribit:
455 640 494 707 de'
516 645 712 710 ordinatione.
1102 594 1116 615 x

120 842 130 853 ,
191 782 251 843 80·
289 777 455 862 Componit
478 780 727 840 oratiunculam
717 800 751 840 ιιι
776 792 926 845 conventu
949 783 1115 846 dicendam.

176 862 267 1013 Agrii
290 902 381 992 Initia
403 930 594 1011 publicarum
618 926 923 994 deliberationum·
888 957 921 996 ιιι
946 947 1106 997 conventu
1157 931 1332 1016 Propositio
1356 928 1489 996 Caesarie
1509 934 1629 1014 legitur.

81 1062 86 1073 “
197 1068 254 1130 18.
291 1060 420 1142 Eligitur
444 1060 622 1125 Melanthea
648 1084 718 1123 cum
743 1068 826 1145 aliis,
852 1080 886 1128 ut
910 1072 1102 1153 colloquatur
1126 1089 1196 1130 cusu
1219 1063 1393 1130 Catholicis.
1420 1101 1470 1119 —
1521 1061 1682 1130 Granvella
1705 1063 1906 1148 Burgundum
1926 1070 2100 1152 chirurgum
2128 1070 2209 1136 Cae·

341 1166 413 1226 saris
437 1160 628 1226 Illelanthcni
654 1168 765 1245 mittit,
804 1181 838 1229 ut
863 1182 947 1233 curet
967 1193 1091 1233 monum
1114 1174 1264 1243 luxatam.

197 1296 254 1364 16.
292 1292 464 1359 Accersitut
481 1309 525 1359 est
537 1294 696 1378 Brentius,
723 1296 901 1384 Theologus
914 1272 1076 1366 Hellensis.
1102 1339 1153 1356 -
1203 1297 1303 1364 Iustus
1318 1295 1408 1364 Ionas
1424 1298 1521 1364 Halae
1536 1296 1694 1364 Saxonum
1710 1305 1827 1384 primus
1842 1299 2041 1387 Evangelium
2056 1305 2155 1369 docet.

196 1435 255 1499 18.
292 1427 481 1493 Amedorsrus
507 1450 525 1492 a
548 1426 689 1514 Principe
712 1427 851 1497 Electore
873 1439 1004 1527 mittitur
1028 1435 1244 1516 Ratiabonam,
1274 1456 1313 1496 ne
1336 1437 1467 1498 nimium
1488 1433 1668 1498 concedatur
1692 1433 1874 1499 adversariis.

197 1570 257 1632 20.
293 1558 446 1637 Lutherus
471 1560 699 1628 Melantbonem
722 1566 876 1650 hortatur,
908 1583 945 1634 ut
967 1573 1026 1634 sibi
1051 1582 1153 1633 caveat
1176 1590 1194 1631 a
1219 1571 1366 1633 conviviis
1391 1580 1515 1652 propter
1541 1570 1698 1634 veneticos.

195 1705 255 1768 22.
294 1694 401 1761 Caesar
425 1697 584 1780 theologos
613 1704 768 1786 utriusque
794 1706 886 1783 partis
910 1703 947 1764 ad
973 1726 1004 1765 se
1029 1716 1117 1767 cocat
1141 1716 1171 1764 et
1195 1702 1370 1764 adhortatur
1394 1701 1433 1764 ad
1458 1703 1658 1799 concordiam.
1711 1698 1857 1784 Desigcat
1882 1701 2067 1765 Fridericum
2092 1701 2211 1766 Palati-

344 1822 420 1860 num
445 1813 475 1861 et
501 1797 691 1863 Grancellcm
718 1804 865 1885 praesides
892 1808 1047 1890 colloqui,
1089 1819 1119 1867 et
1144 1803 1370 1866 Theodericum
1395 1808 1537 1868 comitem
1561 1827 1579 1866 a
1604 1804 1841 1884 blanterscheid,
1867 1803 2072 1866 Eberhardum
2097 1802 2208 1868 Rude-

344 1923 438 1981 num,
463 1900 632 2001 ldenricum
656 1903 802 1986 Hasium,
827 1904 1019 1975 Francisoum
1043 1905 1272 1981 Burchurdum,
1295 1903 1340 1970 Io.
1361 1905 1469 1990 Feige,
1495 1920 1526 1971 et
1547 1903 1691 1991 Iacobum
1716 1904 1885 1970 Sturmium
1909 1912 2057 1993 colloquii
2081 1919 2181 1970 testes.

197 2037 258 2102 27.
296 2030 470 2099 Conventus
494 2032 676 2101 Ratisbonae
702 2041 757 2102 ubi
784 2041 861 2103 liber
885 2037 1035 2121 Caesaris,
1075 2042 1180 2122 postea
1208 2036 1335 2102 Interim
1357 2036 1577 2106 Ratisbouenee
1601 2045 1805 2126 appellatum,
1844 2060 1863 2102 a
1889 2035 2048 2104 Granrella
2078 2043 2208 2104 truditur

344 2138 507 2222 theologis.
2161 2174 2164 2179 ·

194 2275 253 2340 29.
295 2266 369 2331 hiel.
393 2272 531 2355 repudiat
557 2274 722 2337 formulam
747 2273 784 2337 de
809 2275 1019 2339 iustificatione
1042 2278 1080 2338 ab
1104 2273 1203 2340 Echio
1228 2280 1424 2362 propositam.

195 2410 254 2472 80.
295 2401 472 2469 hlelanthon
496 2394 635 2471 Luthero
660 2410 754 2471 mittit
778 2412 1000 2493 propositiones
1024 2411 1269 2474 adversariorum.

194 2556 262 2613 itai.
294 2533 449 2622 Incipiunt
472 2544 626 2628 colloquia
648 2542 861 2626 theologorum
884 2546 1041 2630 utriusque
1063 2548 1166 2627 partie.

203 2678 260 2740 10.
294 2669 437 2758 Princeps
460 2672 583 2741 Elector
611 2696 700 2760 aegre
730 2675 792 2740 lert
815 2672 1043 2742 Malantbonem
1073 2681 1108 2741 iu
1138 2680 1267 2742 artiorclo
1299 2678 1338 2740 de
1360 2678 1571 2740 iustificatione
1594 2676 1733 2740 acerbis
1757 2685 1875 2759 august.
1900 2676 2087 2739 confessione
2112 2675 2210 2738 delle-

343 2780 433 2840 xisse.

202 2898 259 2960 19.
294 2891 473 2957 Melanthon
494 2916 529 2957 ea
552 2889 589 2958 de
607 2919 640 2958 re
664 2919 727 2962 sese
751 2910 874 2962 excusat
898 2899 980 2982 apud
1005 2893 1186 2964 botherum.

194 3033 252 3097 21.
296 3006 428 3090 Excusat
452 3049 484 3090 se
508 3024 688 3093 Melantbon
714 3029 850 3112 Οιιιιιιί,
882 3032 966 3115 apud
990 3053 1080 3117 quem
1101 3043 1256 3096 accusatus
1280 3030 1397 3112 fuerat,
1428 3031 1533 3117 quasi,
1565 3022 1704 3091 Lutbero
1729 3039 1869 3108 auctore,
1907 3030 2084 3111 partiuaoicr
2111 3028 2210 3089 lactus

344 3133 400 3210 ait,
433 3144 555 3193 etcum
579 3137 677 3215 legato
702 3128 820 3197 Gallico
846 3136 1008 3197 amicitiam
1033 3135 1151 3199 habeat.

201 3267 262 3330 22.
295 3259 454 3326 Finiuntur
478 3267 630 3349 cohoquia
654 3267 877 3350 theologorum.

198 3401 258 3465 28.
295 3395 449 3562 Ριίιιιίιέι
473 3394 691 3480 Protestantea,
716 3405 878 3486 interprete
899 3397 1113 3482 Melanthona,
1138 3397 1327 3463 Intercadunt
1349 3396 1432 3483 apud
1454 3417 1556 3481 regem
1575 3392 1691 3462 Galliae
1712 3414 1768 3480 pro
1793 3398 1851 3477 iis,
1880 3397 1935 3480 qui
1959 3395 2094 3457 doctrina
2118 3416 2209 3458 causa

345 3501 380 3561 in
431 3502 502 3561 allia
523 3503 714 3564 necabantur.

199 3636 262 3699 27.
296 3628 506 3695 Honorificnm
529 3637 737 3697 testimonium
758 3631 839 3697 Petri
862 3630 989 3714 Bemot,
1031 3630 1214 3715 cardinalia,
1239 3633 1290 3698 ‘de
1309 3623 1513 3697 Melanthone.
1537 3661 1590 3679 -
1653 3624 1802 3710 Georgius
1823 3623 1972 3708 Sabinus,
2005 3625 2209 3695 hlelauthouis

348 3755 455 3815 gener,
490 3739 544 3820 qui
567 3732 749 3800 Ratisbonee
773 3751 834 3798 erat
858 3743 892 3803 iu
916 3742 1062 3800 comitatu
1086 3732 1271 3800 Marchionls
1294 3732 1464 3801 Brandenb.
1487 3731 1653 3819 Electcris‚
1693 3730 1793 3793 idibus
1815 3726 1891 3793 hlati
1918 3731 2025 3799 1541.
2052 3738 2209 3815 scripserat

348 3833 466 3898 Bembo
490 3840 668 3920 epistolam,
700 3842 751 3900 cui
776 3838 849 3902 huic
873 3839 1028 3922 respondit
1051 3842 1145 3902 literis
1170 3840 1246 3902 detis
1269 3835 1385 3902 Romae
1409 3834 1468 3901 lv,
1488 3827 1841 3911 enuntiantem..
1873 3834 1926 3894 ubi
1947 3836 2026 3894 inter
2051 3838 2109 3915 alia
2133 3837 2207 3899 hoec

346 3937 385 4000 da
409 3935 622 4003 Melanthone:
663 3937 782 4022 „Spem
804 3945 973 4005 communis
996 3940 1192 4022 concordiae,
1232 3961 1324 4026 quam
1348 3960 1389 4003 ex
1410 3943 1469 4003 icto
1490 3932 1706 4021 Ratisponensi
1730 3946 1881 3997 conventu
1904 3938 1992 3997 nobis
2016 3936 2120 4015 effers,
2155 3959 2208 4000 ce-

351 4045 445 4124 „cepi
466 4043 607 4126 equidem
632 4043 756 4126 perinde
781 4064 815 4106 ac
840 4044 947 4125 debui,
980 4046 1186 4106 libentissime.
1251 4038 1324 4123 Qua
1346 4054 1446 4105 tamen
1469 4043 1504 4102 iu
1529 4060 1561 4101 ra
1585 4033 1849 4101 Metcscttlcrem
1873 4057 2009 4099 socerum
2034 4050 2121 4100 tuum
2144 4062 2208 4102 rern

351 4143 567 4224 „christianam
591 4149 721 4208 multum
745 4148 848 4208 iurare
872 4158 903 4208 et
925 4165 1014 4228 posse
1037 4149 1118 4225 scio,
1153 4157 1184 4208 et
1208 4164 1280 4208 eum
1301 4144 1453 4207 iacturum
1476 4137 1616 4222 confido,
1654 4139 1750 4203 leatus
1773 4158 1845 4200 curn
1868 4142 2028 4202 excellenti
2053 4145 2117 4204 eius
2143 4148 2208 4204 vir·

340 4259 459 4327 grute,
497 4260 587 4331 atqua
610 4251 644 4310 in
669 4250 753 4310 omui
776 4251 929 4311 literarum
953 4267 1061 4331 genera
1083 4247 1272 4310 emditioner
1312 4259 1381 4310 tum
1404 4262 1475 4308 cero
1501 4246 1592 4306 etiam
1617 4261 1671 4321 ea,
1712 4259 1805 4324 quam
1835 4260 1905 4302 cum
1937 4243 1992 4302 illo
2026 4254 2209 4306 contractem

350 4348 468 4428 „habea
484 4349 710 4412 necessitudine.
757 4345 855 4414 Erunt
879 4354 972 4432 igitur
995 4362 1065 4413 tuae
1090 4369 1212 4434 quoque
1231 4352 1351 4433 pietatis
1375 4358 1474 4431 partes
1498 4365 1619 4423 curare,
1644 4354 1678 4407 ut
1701 4346 1728 4406 si
1752 4339 1828 4428 quid
1850 4338 2129 4406 lnlllelanchthone
2151 4347 2209 4408 ad·

350 4449 445 4529 „huc
461 4450 540 4532 fuit,
582 4472 643 4536 quo
674 4463 846 4515 nostrorum
871 4456 965 4515 animi
988 4451 1130 4516 nonnihil
1152 4451 1266 4514 offendi
1290 4453 1461 4535 potueriot,
1497 4446 1530 4509 id
1552 4444 1737 4528 temporibus
1760 4456 1861 4507 totum
1881 4447 2000 4529 potius,
2038 4467 2130 4530 quam
2152 4450 2209 4508 ab·

350 4555 522 4632 „alienatae
544 4573 561 4614 a
585 4555 673 4615 uobis
699 4557 847 4617 voluntati
869 4557 1053 4618 asscribatur.
1115 4549 1243 4617 Occasio
1269 4552 1333 4617 dari
1357 4551 1444 4618 vobis
1468 4551 1531 4613 ulla
1556 4549 1675 4610 uberior
1698 4566 1857 4629 nunquam
1883 4553 2011 4630 poterit,
2052 4550 2133 4611 unde
2158 4553 2226 4612 vel'

351 4660 504 4736 „gretiam
527 4674 545 4716 a
569 4651 637 4717 Deo
660 4660 777 4738 optimo
800 4677 882 4719 max.
904 4659 1051 4719 maiorem
1074 4661 1197 4736 ineatis,
1238 4657 1287 4719 cel
1316 4657 1355 4717 ab
1383 4651 1557 4717 bominibus
1583 4652 1712 4732 gloriam
1741 4647 1946 4712 honestiorem
1968 4657 2207 4736 consequamini.

351 4753 430 4834 „Illi
457 4770 493 4820 tu
522 4761 598 4821 meis
623 4761 720 4820 verbis
745 4763 871 4821 salutem
895 4762 1049 4842 impertias
1073 4762 1185 4838 velim,
1223 4778 1359 4843 quaeque
1381 4776 1400 4818 a
1423 4774 1473 4817 me
1493 4752 1646 4837 proticisci
1668 4761 1813 4836 possum,
1855 4753 1956 4813 omnia
1981 4755 2150 4834 pollicearis
2171 4777 2208 4817 ac

339 4852 532 4937 ,,ι1ι1ιιιι.”
581 4855 671 4940 (vid.
697 4855 822 4943 Georgii
843 4856 949 4924 Sabini
972 4869 1128 4945 poemata,
1161 4881 1193 4942 p·
1218 4856 1328 4940 461·)·
1462 4884 1469 4895 ’

202 4993 262 5057 81.
297 4978 538 5056 l’rctestentium
550 4997 696 5056 sententia
721 4991 759 5055 de
782 4995 860 5055 libro
883 4992 1016 5058 Caesaris
1037 4993 1173 5057 traditur.

195 5093 257 5150 lon.

213 5132 407 5242 ¹Legati
431 5135 611 5204 Saxonici
602 5165 635 5204 ιιι
660 5154 811 5205 conventu
835 5146 961 5207 mittunt
977 5138 1146 5206 Iohannem
1167 5086 1338 5224 Principem
1361 5134 1582 5215 Anhaltinum,
1613 5128 1773 5198 IlatthIam
1795 5128 2046 5217 aSchulanburg
2069 5149 2100 5198 et
2125 5135 2208 5201 Ale-

346 5240 497 5305 xandrmn
521 5242 662 5306 Alesiam
686 5242 897 5327 Witebergam
928 5246 967 5309 ad
990 5241 1178 5324 Lutharum,
1217 5255 1254 5306 ut
1284 5245 1350 5306 eius
1380 5242 1558 5303 seutentiam
1588 5237 1627 5298 de
1650 5235 1759 5315 rebm,
1799 5234 2006 5323 dequibus
1996 5259 2029 5299 ιιι
2055 5254 2207 5304 conventu

346 5345 531 5430 disputatum
554 5345 670 5427 literar,
704 5349 949 5430 explorent-
997 5343 1107 5432 Legati
1132 5358 1277 5412 venerunt
1299 5342 1512 5426 blitebergcm
1533 5342 1565 5408 (1.
1589 5344 1623 5408 7.
1645 5334 1739 5411 Iunii.
