4522 5752
46 233 156 308 tut·
197 260 207 275 ·

48 398 286 517 otacus„
312 405 357 469 ;·ῑ
395 405 499 485 =;·.-2·3
607 418 612 435 ·

57 503 270 547 ‘m
384 512 429 665 a.
454 504 741 680 dhaem]

106 759 142 835 ι1
157 752 200 809 ΕΙ
211 752 368 859 ittographo
380 754 410 809 in
423 754 485 811 cod.
498 754 612 809 Monac.
624 752 668 808 88.
685 770 731 808 no.
744 748 793 809 Vt,
808 771 836 824 ρ,
849 743 918 806 mh,
943 836 946 845 ·

49 906 405 1012 Μ’ΜΡῘΜΜ
429 904 727 1015 Hoffmanno,
751 905 1053 982 Poston'Ectle-

281 1064 285 1071 -
324 1068 328 1074 .
412 1013 493 1084 sinc
508 1008 690 1084 Icncn'sr's.

786 432 800 441 ··
845 400 1051 505 turtum)

877 497 1048 549 *ΝΥ

52 1128 97 1219 S·
124 1149 172 1224 Ι).
215 1146 297 1245 ¹Non
312 1138 460 1243 dubito,
471 1166 476 1179 '
486 1148 575 1244 qu'in
589 1150 629 1220 in
644 1150 872 1220 rescribendo
890 1140 1054 1240 expertus

53 1250 122 1333 sis,
148 1250 240 1321 illud
256 1264 359 1322 vetus
376 1252 600 1321 verissimum
623 1274 714 1338 esse,
746 1246 915 1346 δευτέρω
936 1275 1055 1347 φρον-

53 1348 153 1434 τίδες
178 1349 400 1453 σοφωτέραι.
460 1347 558 1422 Mihi
583 1354 728 1448 quidem
751 1348 810 1422 hic
834 1368 916 1425 tuus
940 1354 1055 1439 labor,

54 1452 183 1549 inquo
199 1467 234 1524 te
248 1448 368 1546 ipsum
388 1452 505 1525 vicisti
514 1474 528 1539 ,·
554 1454 691 1547 egregie
712 1457 903 1547 probatur,
937 1468 971 1525 et
992 1479 1054 1525 cu-

53 1557 160 1642 rabo,
184 1569 228 1626 ut
242 1550 426 1657 ed'ntur.¹)
461 1550 534 1626 Ἐἴ
545 1555 660 1627 sicubi
682 1552 775 1626 mihi
796 1559 968 1651 quaedam
991 1557 1055 1625 ad-

53 1653 126 1729 buc
160 1656 370 1739 mollienda,
387 1652 623 1743 ridebantur,
667 1682 743 1727 uon
774 1660 875 1750 prius
907 1659 1054 1729 mutabo

56 1760 271 1855 quidquam,
306 1784 412 1853 quam
434 1759 498 1829 ubi
519 1760 696 1857 rationem
719 1760 859 1829 consilii
881 1773 915 1859 et
932 1758 1056 1827 iudicii

53 1860 126 1931 mei
143 1884 349 1953 exposuero.
396 1857 491 1930 Nolo
513 1860 608 1930 enirn
632 1858 671 1930 in
688 1861 805 1932 alieno
821 1886 926 1954 opere
942 1865 1055 1932 nolu-

55 1963 292 2063 πραγμονεῖν
316 1961 605 2041 inritoauctore.
656 1962 725 2034 Sed
748 1977 788 2033 ut
812 1987 851 2032 ea
874 1965 968 2032 inter
990 1984 1056 2031 nos

55 2064 215 2143 amicitia
239 2076 309 2150 est,
340 2077 375 2134 et
399 2087 502 2134 causa
527 2077 579 2134 est
600 2065 817 2150 communis,
850 2079 889 2134 ut
909 2088 1056 2157 sperem,

56 2166 127 2266 tibi
147 2190 225 2247 nou
243 2166 425 2257 ingratum
447 2189 538 2250 esse,
571 2166 696 2235 audire
718 2167 805 2260 quid
827 2161 916 2236 mihi
936 2167 1056 2234 videa-

56 2282 137 2356 tur,
162 2291 270 2362 quem
286 2268 356 2345 iani
374 2280 408 2337 et
423 2292 543 2339 rerum
559 2267 711 2337 varietas
726 2282 759 2338 et
778 2283 937 2360 tempora
959 2291 1057 2337 exer-

57 2383 225 2442 cuerunt.
278 2366 377 2442 Vale.

716 2568 720 2575 Ι
787 2466 854 2545 Ph.
869 2469 1006 2593 Melan.

65 2678 581 2691 ——u-——to—-ae———Q—--n---
602 2680 656 2687 -·-.-
668 2679 727 2687 -.ο--
735 2680 833 2687 ---·--.-
843 2681 874 2687 ..ι
887 2681 974 2689 —--.-

59 2806 127 2881 No.
141 2805 255 2882 2150.

64 2905 241 2933 Μ

895 2839 936 2881 ttt.
950 2814 974 2877 11
976 2820 1035 2877 ebt.

880 2906 1051 2934 κον-..ι

194 2990 275 3073 Ad
292 2990 371 3073 Ph.
390 2986 672 3103 Glreenspiess
685 2987 924 3102 praesulta.

127 3168 153 3222 E
172 3172 235 3224 cod.
253 3169 336 3225 Goth.
354 3169 412 3224 tet.
431 3190 458 3232 p.
475 3172 516 3224 52
562 3171 608 3226 Est
626 3173 800 3242 apographon
819 3193 834 3226 a
852 3189 933 3223 manu
954 3171 1057 3224 scribae

164 3238 284 3310 sactum,
308 3239 354 3292 scd
368 3238 487 3310 Philippi
508 3240 572 3292 Met.
594 3260 675 3293 rrranu
696 3253 827 3294 mutatum
849 3240 877 3292 in
895 3239 1056 3310 quibusdam

163 3307 248 3374 locis,
270 3309 402 3429 scriptum
421 3311 528 3379 quidem
552 3309 665 3362 nomine
684 3310 856 3378 Hnsrnunm',
882 3307 999 3361 Pastoris
1015 3310 1056 3360 le·

167 3378 275 3443 nensis,
290 3397 318 3430 se
352 3386 488 3431 exaratum
502 3396 517 3430 a
531 3377 718 3431 Melanthone.
745 3380 865 3448 Antiqua
881 3395 961 3430 manu
976 3376 1056 3429 etiam

164 3443 331 3514 adscriptum
344 3455 397 3498 esta

198 3511 372 3584 „Praefatio
395 3515 427 3565 ln
446 3515 523 3578 epist.
543 3513 627 3567 Pauli
644 3518 683 3567 nd
700 3515 893 3581 Philippenses
911 3513 1058 3579 Philippus

234 3581 399 3634 Melanthea
416 3581 513 3637 totu·

165 3648 271 3702 Prndiit
288 3650 527 3721 „commentarius
546 3650 574 3704 in
593 3670 636 3722 ep.
655 3650 730 3703 Pauli
749 3652 782 3704 ad
804 3651 935 3723 Philipp,
964 3660 1058 3704 autore

164 3716 318 3787 Chstphoro
332 3719 500 3788 Hosnronn,
519 3720 638 3774 lenensis
653 3720 782 3773 ecclesiae
800 3719 911 3789 Pastore
919 3720 950 3788 ”‚
971 3720 1058 3772 Fran·

164 3784 222 3842 cos.
234 3804 266 3839 cr
276 3786 390 3842 officina
403 3787 479 3840 Petri
494 3788 654 3860 Brubachii,
679 3807 752 3841 anno
766 3790 842 3844 rost.
859 3789 904 3842 ubi
920 3788 986 3842 haec
998 3787 1058 3859 epi·

166 3853 236 3908 stola
248 3857 445 3928 nuncupatoria
460 3857 489 3910 in
501 3855 594 3911 fronte
608 3857 670 3911 libri
684 3855 795 3927 legitur.

57 4009 308 4108 Inlegcrrirno
341 4011 419 4083 viro
459 4008 513 4084 D.
546 4008 777 4185 Philippo
809 4003 1059 4111 Gluspr'es‚

59 4113 134 4187 εἰνὶ
144 4109 439 4214 Manssetdensi
457 4113 658 4187 amicosne
755 4112 799 4182 ri
805 4110 1059 4212 stophorus

214 4216 286 4288 Ho
285 4216 392 4316 smu
404 4242 539 4306 nnus,
571 4212 712 4289 Pastor
726 4213 906 4298 Ienensr's,

60 4335 173 4429 SD.
231 4352 283 4426 Ut
301 4352 434 4426 Paulus
457 4356 567 4427 variis
587 4357 699 4426 animi
721 4355 877 4427 motibus
900 4351 992 4425 hanc
1014 4360 1056 4426 ad

60 4452 312 4549 Philippenses
325 4457 509 4549 epistolam
525 4459 681 4550 scripsit,
707 4458 822 4554 (nunc
836 4458 932 4526 enim
947 4458 1059 4529 laetus

62 4557 263 4648 gratulatur
276 4558 348 4647 piis
360 4554 549 4647 Evangelii
564 4560 697 4644 lucem,
727 4583 824 4629 nunc
844 4572 999 4628 moestus
1024 4571 1059 4630 et

63 4660 261 4755 lacrymans
276 4658 437 4751 deplorat
452 4661 616 4729 scandala
632 4673 667 4729 et
679 4661 862 4730 doctrinae
875 4674 1059 4752 corrupte-

61 4762 132 4846 las,
167 4760 334 4831 irascitur
355 4760 628 4852 impostoribus,
668 4762 732 4854 qui
754 4761 936 4850 evangelio
960 4778 1059 4832 tene·

61 4865 146 4934 bras
158 4857 415 4955 inducebant),
449 4862 498 4933 ita
514 4858 607 4934 mihi
624 4863 804 4935 enarranti
820 4858 911 4933 hanc
927 4865 1058 4956 episto-

96 5193 127 5263 *t
146 5191 215 5247 Sine
224 5189 311 5246 dnbio
324 5190 447 5264 loquitur
458 5193 492 5275 de
506 5194 706 5247 commentario
719 5191 868 5283 llohnanni
876 5192 912 5273 'in
931 5192 1011 5272 epist
1023 5191 1057 5246 ad

74 5316 79 5325 ·
131 5260 1058 5454 ssltffitthattttttttl,ttttliiiat‘tztftltr,3⁶:33ss

130 5417 208 5471 sequi
240 5416 265 5451 r.

613 210 1057 306 aeterno-amun
1108 222 1533 306 Lt·u·.·vttt.215tlt.

2008 224 2098 300 :too

1078 400 1080 405 ’
1103 401 1174 470 lam
1205 425 1301 472 nunc
1332 404 1463 473 laetitia
1495 397 1590 474 nunc
1613 396 1724 473 ¹dolor
1744 403 1894 473 excussit
1913 401 2095 496 lacrymas.

1102 500 1211 591 Quod
1236 507 1330 573 enim
1351 529 1473 575 rursus
1495 507 1615 575 illuxit
1635 506 1741 573 nobis
1761 501 2018 595 ha'c'postrema
2037 526 2097 572 ae-

994 632 999 643 ’
1015 620 1019 627 “
1103 616 1173 675 tate
1188 609 1278 697 p'ura
1294 608 1465 696 evangelii
1479 609 1658 692 doctrina,
1685 601 1752 676 hoc
1767 619 1867 676 tanto
1881 628 2029 675 munere
2047 605 2097 674 ita

1102 707 1231 791 laetor,
1263 721 1305 778 ut
1322 708 1602 799 magnitudinem
1624 709 1744 799 gaudii
1766 726 1841 778 non
1861 707 1994 800 possim
2017 729 2097 775 ver·

1103 809 1158 878 bis
1173 809 1337 903 adsequi,
1369 834 1409 879 ae
1425 824 1499 882 toto
1516 825 1655 903 pectore
1667 808 1744 880 Deo
1770 810 1900 901 gratias
1922 832 2008 899 ago,
2040 832 2097 878 ec-

1103 910 1245 981 clesiam
1260 936 1301 980 er
1315 913 1495 983 erroribus
1511 929 1546 985 et
1566 902 1876 1005 superstitionibus
1898 912 1944 981 ad
1964 911 2097 980 verita·

1103 1026 1172 1082 tem
1188 1014 1381 1088 revocanti.
1431 1012 1571 1086 Rursus
1589 1040 1668 1084 curn
1687 1016 1830 1084 intueor
1849 1014 1968 1083 animo
1993 1025 2097 1105 atque

1103 1114 1235 1198 oculis,
1265 1139 1339 1184 non
1363 1130 1554 1210 tyrannos,
1586 1118 1648 1210 qui
1664 1140 1701 1185 se
1716 1116 1927 1208 profitentur
1942 1136 2016 1183 esse
2030 1108 2098 1198 ho·-

1104 1228 1172 1285 stes
1197 1211 1351 1298 Christi,
1384 1220 1444 1287 sed
1468 1218 1560 1310 ipsas
1583 1218 1745 1287 ecclesias
1767 1232 1922 1300 nostras,
1954 1239 1994 1284 ac
2010 1238 2098 1284 con·

1104 1319 1225 1401 sidero,
1251 1319 1544 1409 ingratitudinem
1575 1333 1754 1403 nostram,
1793 1319 1907 1388 divini
1936 1315 2098 1387 beneficii

1105 1433 1341 1502 contemtum,
1384 1421 1569 1512 segnitiem
1594 1423 1631 1489 in
1657 1421 1954 1512 gubematoribus
1971 1433 2012 1513 et
2033 1419 2099 1487 do·

1105 1522 1278 1612 ctoribus,
1304 1546 1426 1612 graves
1442 1524 1656 1594 offensiones
1673 1525 1711 1592 in
1728 1523 1888 1593 moribus
1911 1536 1946 1590 et
1966 1516 2098 1589 doctri·

1105 1648 1169 1707 na,
1207 1625 1254 1693 ita
1285 1626 1482 1712 exanimor,
1522 1627 1580 1694 vix
1603 1638 1643 1695 ut
1668 1626 1801 1713 erigere
1823 1615 1927 1717 ποθ’)
1957 1622 2099 1712 possim.

1105 1723 1209 1795 lubet
1224 1749 1288 1794 nos
1306 1720 1374 1797 hoc
1394 1728 1471 1798 loco
1487 1726 1619 1797 Paulus
1639 1727 1774 1809 anniti,
1806 1739 1848 1797 ut
1867 1723 2008 1815 negotia
2033 1746 2099 1791 no·

1105 1841 1176 1896 stra
1190 1827 1262 1896 sint
1278 1824 1447 1922 εὔφημα,
1480 1842 1521 1898 ut
1537 1842 1666 1899 ornent
1685 1828 1958 1920 professionem,
1989 1839 2023 1895 et
2042 1824 2099 1892 in-

1107 1929 1218 1999 vitent
1232 1923 1395 1999 homines
1411 1932 1455 1999 ad
1472 1931 1644 2020 evangelii
1661 1930 1830 1999 studium.

1206 2061 1256 2134 At
1275 2089 1371 2134 nunc
1394 2067 1433 2134 in
1456 2079 1563 2134 tanta·
1577 2066 1719 2134 licentia
1744 2088 1859 2134 mores
1887 2077 1922 2133 et
1944 2062 2041 2152 vulgi
2067 2077 2099 2131 et

1107 2179 1292 2258 potentum
1315 2191 1422 2259 quarn
1444 2169 1553 2237 variis
1576 2167 1749 2236 scandalis
1771 2167 1971 2235 deformant
1992 2186 2100 2231 evan-

1107 2269 1257 2358 gelium!
1293 2293 1446 2361 quorum
1470 2269 1652 2361 turpitudo
1675 2269 1835 2339 dolorem
1857 2269 1971 2337 adfert
1995 2264 2100 2354 spiri-

1109 2372 1162 2440 tui
1180 2382 1300 2439 sancto
1322 2369 1469 2461 inpiis,
1502 2385 1543 2440 ut
1565 2369 1698 2439 Paulus
1720 2371 1855 2464 inquit,
1887 2392 1926 2438 ac
1949 2369 2101 2447 deterret

1108 2472 1258 2551 multos,
1283 2495 1329 2540 ne
1346 2472 1492 2540 coeleste
1509 2495 1639 2541 munus
1654 2473 1920 2563 amplectantur.
1953 2466 2100 2538 Utinam

1109 2575 1342 2661 cogitaremus
1362 2573 1622 2642 severissimum
1649 2574 1736 2643 illud
1761 2573 1950 2654 iudicium,
1977 2569 2100 2661 inquo

1109 2676 1202 2744 filius
1215 2672 1299 2758 Dei,
1324 2675 1490 2743 universo
1504 2699 1632 2764 genere
1646 2670 1803 2744 humano
1818 2675 1855 2742 in
1874 2674 1979 2741 vitam
1995 2693 2101 2739 revo-

1108 2790 1205 2860 cato,
1242 2799 1317 2845 nou
1344 2777 1457 2845 solum
1485 2791 1656 2870 tyrannos
1682 2777 1742 2845 sed
1769 2775 1871 2845 etiam
1907 2773 2036 2842 infidos
2068 2785 2102 2839 et

1109 2891 1331 2946 contumaces
1352 2902 1470 2947 servos
1491 2878 1601 2948 iratus
1626 2879 1663 2946 in
1687 2890 1827 2945 aeterna
1848 2875 2020 2968 supplicia
2038 2873 2101 2942 ab·
2217 2876 2226 2892 ‘

1109 2979 1223 3048 iiciet!
1267 2976 1309 3048 ln
1327 3004 1368 3049 eo
1385 2980 1518 3049 iudicio
1536 2981 1623 3072 quid
1640 2978 1887 3070 respondebis,
1914 3000 1993 3046 curn
2009 2974 2101 3043 filius

1108 3078 1196 3165 Dei,
1222 3093 1340 3172 septus
1360 3106 1490 3150 corona
1513 3081 1738 3171 angelorum,
1762 3093 1921 3171 patrum,
1945 3070 2102 3168 prophe·
2162 3140 2167 3147 .

1109 3196 1243 3265 tarum,
1277 3196 1311 3252 et
1336 3207 1557 3252 summorum
1580 3180 1757 3252 Ecclesiae
1782 3182 2002 3273 principum,
2026 3177 2099 3275 ‚ribi

1109 3284 1269 3366 obiiciet,
1303 3284 1515 3373 turpissimis
1531 3284 1699 3374 exemplis
1717 3283 1788 3351 tuis
1804 3280 2025 3370 evangelium
2038 3279 2101 3347 de·

1108 3387 1297 3455 formatum
1328 3408 1417 3467 esse,
1451 3385 1582 3453 multos
1614 3384 1818 3453 absterritus
1850 3409 1870 3452 a
1899 3379 2102 3471 cognitione

1109 3486 1270 3556 coelestis
1285 3487 1464 3555 doctrinae
1479 3487 1641 3577 periisse,
1676 3486 1739 3578 qui
1762 3499 1797 3556 ct
1818 3484 1886 3577 ipsi
1908 3497 1941 3551 te
1958 3484 1999 3551 ad
2019 3503 2102 3571 poe·

1109 3582 1191 3657 nam
1205 3587 1342 3661 'infelici
1360 3588 1493 3659 eiulatu
1512 3602 1596 3659 tnnc
1613 3587 1830 3678 deposcent?¹
1877 3585 1915 3656 Si
1931 3579 2024 3653 banc
2043 3607 2101 3651 ca-

1110 3684 1314 3780 tastrophen
1328 3703 1448 3783 ¹tantae
1462 3682 1625 3761 licentiae
1641 3689 1710 3757 iarn
1728 3688 1963 3780 prospiceres,
1995 3685 2022 3752 si
2046 3684 2101 3752 iu-

1110 3791 1198 3860 dicis
1211 3786 1382 3885 sulmir'tla,
1410 3818 1499 3885 quae
1517 3793 1554 3860 in
1569 3791 1750 3881 evangelio
1766 3791 1921 3859 minatus
1937 3800 2003 3870 est,
2027 3809 2102 3854 non

1108 3891 1308 3984 Epicuraeo
1332 3916 1430 3961 more
1458 3908 1720 3972 contemneres,
1761 3891 1887 3960 maiori
1917 3913 1998 3959 cura
2030 3888 2101 3955 fre-

1109 4018 1195 4064 num
1212 3994 1466 4086 cupiditatibus
1483 3995 1657 4066 iniiceres.
1669 3984 1729 4091 ”)
1757 3994 1761 4000 ’

1210 4123 1484 4198 Meminerimus
1506 4127 1615 4217 igitur
1636 4123 1818 4197 concionis
1839 4120 2011 4193 Paulinae
2034 4114 2102 4191 hoc

1109 4228 1200 4313 loco,
1223 4252 1262 4297 ac
1272 4227 1505 4318 perficiamus,
1521 4242 1561 4300 ut
1573 4227 1729 4319 exempla
1740 4237 1859 4295 nostra
1870 4223 1942 4293 sint
1951 4219 2103 4318 εὔφημα

1110 4343 1146 4399 et
1160 4343 1288 4399 ornent
1305 4331 1545 4419 evangelium,
1570 4355 1629 4409 ac,
1653 4344 1694 4401 ut
1708 4321 1871 4396 Christus
1886 4325 2023 4418 inquit,
2045 4322 2103 4393 lu-

1110 4447 1184 4503 ceat
1200 4432 1262 4500 lux
1277 4444 1399 4503 nostra
1412 4446 1454 4502 ut
1469 4432 1665 4502 celebretur
1678 4441 1778 4522 pater
1793 4426 1963 4513 coelestis.

1211 4559 1319 4633 Extat
1343 4576 1461 4634 autem
1482 4564 1522 4632 in
1554 4558 1620 4632 hae
1648 4561 1796 4654 epistola
1825 4560 1938 4630 multo
1967 4556 2104 4629 tristior

1109 4666 1251 4758 querela
1276 4666 1320 4734 de
1341 4666 1523 4734 doctrinae
1547 4663 1769 4754 corruptelis.
1826 4659 1960 4731 Paulus
1981 4670 2104 4730 monet

1108 4768 1324 4863 lacrymans,
1349 4788 1394 4834 ne
1419 4790 1439 4835 a
1463 4767 1584 4857 regula
1605 4766 1651 4837 ab
1675 4766 1753 4858 ipso
1778 4763 1905 4834 tradita
1921 4763 2049 4832 abduci
2065 4783 2102 4830 se

1110 5008 1328 5023 n——q-n

1143 5172 1175 5243 *)
1192 5189 1295 5226 rursus
1306 5169 1380 5226 addit
1394 5178 1456 5224 text.
1470 5169 1553 5240 impr.

1142 5256 1192 5324 **)
1210 5255 1243 5308 ln
1260 5255 1351 5309 animo
1372 5251 1495 5307 habuisse
1515 5250 1620 5305 ridetur
1645 5248 1790 5319 bigamiam
1807 5245 1966 5318 landgrarii
1986 5243 2105 5310 itariae,

1177 5320 1452 5446 {pugufflelantbon
1468 5328 1573 5375 tantum
1587 5317 1716 5388 concepit
1729 5316 1868 5387 dolorem,
1886 5325 1916 5367 ut
1927 5332 2012 5387 paene
2026 5331 2102 5367 mor·
