4522 5752
99 200 173 277 sat
658 140 1097 273 nrrsrontuuu
1152 156 1397 277 arnum.
1447 191 1633 323 sota„
1787 224 1877 316 ⁸-
2066 199 2133 283 a,

205 370 271 447 Ill.
323 368 424 443 Adeo
439 371 592 443 absurda
605 370 811 441 scribuntur
832 370 878 440 dc
900 363 967 439 hac
986 388 1094 439 mun·
1244 366 1291 442 Χ.
1340 364 1439 439 Haec
1464 379 1540 441 tota
1571 366 1670 460 regia
1700 368 1904 462 denuntio
1926 366 2134 449 Pontificum

104 478 197 546 dana
215 489 380 565 potestate
392 473 591 559 Pontificio,
615 486 657 544 ut
669 473 765 562 glosa
772 468 800 566 ¹)
813 472 852 540 in
867 468 1026 541 Decretis
1040 469 1097 539 di·
1143 482 1279 562 pugnat
1293 494 1374 540 cum
1387 470 1482 543 dicto
1498 466 1654 560 Christi,
1676 473 1740 568 qui
1760 475 1829 561 ait,
1849 473 1970 567 Reges
1984 478 2134 569 gentium

106 591 177 662 cat,
202 574 382 648 Christum
400 600 504 647 usum
519 599 592 644 esse
609 569 675 644 hac
687 575 783 666 regia
804 585 994 666 potestate,
1017 594 1099 643 cum
1145 572 1378 643 dominantur
1394 596 1536 662 corum,
1560 588 1762 647 vosautem
1773 600 1851 649 non
1865 576 1928 652 sir.

95 680 175 750 'tait
190 694 378 750 coronatus
390 677 511 770 spinis.
1595 668 1598 674 ’

196 788 274 886 Ἰν.
324 811 419 904 Papa
453 811 616 881 adfirmat
655 833 692 881 se
729 805 860 880 habere
893 820 1100 901 potestatem

1247 756 1314 833 Xl.
1363 755 1508 830 Habent
1528 782 1653 831 omnes
1667 759 1770 831 aulae
1784 783 1849 833 sua
1863 759 1972 851 vitia,
1995 760 2067 837 Sed
2079 764 2137 839 obi

107 914 368 985 transferendae
392 910 642 998 Monarchiae,
668 936 774 1006 quam
794 925 891 983 tenet
905 908 1103 1003 Imperator
1148 873 1233 980 sim
1246 859 1401 951 legitima
1417 860 1584 954 imperi²’
1608 863 1674 933 nbi
1693 878 1869 985 mimi,
1883 858 1945 952 hi,
1970 889 2035 959 Ψ
2053 865 2136 939 m*

107 1015 305 1090 Rotnanus.
365 1011 415 1086 Et
443 1015 587 1109 quidem
609 1015 773 1084 adfirmat
794 1013 910 1107 Papa,
948 1006 1102 1082 sabano
1149 986 1199 1033 ω
1221 987 1297 1032 ¹¹⁰⁰
1321 963 1436 1033 mlum
1460 986 1569 1055 ΜΨ
1588 978 1650 1037 ²¹¹²
1677 977 1913 1057 Pmmm’
1953 967 2016 1037 ”d
2038 976 2136 1041 Μ’

107 1131 314 1212 potestatem
329 1112 459 1188 habere
473 1118 642 1187 mandato
657 1111 792 1188 Christi
1149 1065 1434 1135 benevolentiam
1456 1064 1590 1135 civium
1611 1065 1814 1238 relingnere
1832 1068 2009 1242 cupiunt,
2030 1070 2137 1143 maim

794 1169 805 1192 ⁶
1150 1166 1376 1236 estius'iae
1437 1166 1586 1235 ram'
1784 1168 1829 1245 ⁸.
1911 1174 1917 1185 '

212 1265 255 1342 V.
303 1264 412 1337 Extat
432 1265 512 1337 ficta
531 1240 678 1336 donatio
701 1228 950 1350 Chnstantini,
978 1260 1018 1331 in
1033 1283 1104 1353 qua
1150 1292 1228 1337 mae
1258 1180 1835 1359 hiiirtinecsupe’rcgiidi,mioeeiitliis
1866 1168 2136 1363 oniiiiiugnhllrht

109 1370 256 1456 dicitur,
288 1367 482 1461 Imperium
506 1366 698 1438 occidentia
724 1370 896 1438 donatum
926 1387 999 1435 esse
1021 1361 1104 1458 syt—
1150 1381 1256 1454 nent,
1278 1382 1313 1440 et
1327 1370 1508 1463 proposita
1523 1370 1570 1441 sit
1582 1393 1661 1464 spes
1676 1372 1895 1465 quibuslibet
1907 1372 2137 1445 maximum

109 1486 237 1545 vestro.
1151 1494 1277 1563 opum,
1302 1471 1601 1564 amplissimorum
1615 1466 1813 1559 honorum,
1837 1475 1953 1547 multo
1966 1474 2138 1549 maiorer

1151 1571 1317 1660 ambitio,
1339 1597 1445 1667 quam
1468 1572 1509 1642 in
1530 1573 1611 1643 aliis
1633 1574 1736 1651 aulis.
1784 1571 1939 1648 Etcum
1962 1577 2139 1669 pecuniae,

1150 1674 1357 1767 praesertim
1371 1672 1528 1761 Romae,
1552 1674 1672 1746 omnia
1685 1676 1873 1764 obediant,
1903 1674 2137 1773 Quantnmin

1151 1789 1249 1847 tanta
1263 1776 1405 1847 licentia
1422 1800 1464 1845 ex
1484 1775 1681 1848 ambitione
1699 1792 1735 1850 et
1755 1778 1904 1849 avaritia
1925 1778 2137 1870 flagitiorum

1152 1878 1285 1964 oritur,
1309 1878 1404 1948 utin
1424 1901 1528 1948 versu
1549 1878 1699 1950 dicitur:
1726 1878 1915 1971 Regnandi
1940 1903 2049 1952 musa
2069 1881 2138 1951 vio·
2181 1878 2184 1885 ’

1152 1980 1299 2049 landum
1318 1979 1458 2064 estius,
1482 1978 1616 2052 inaliis
1632 1981 1737 2052 rebus
1753 1983 1919 2073 pietatem
1935 1982 2044 2057 colos.
2074 1978 2138 2055 De·
2181 1986 2184 2001 '

1152 2081 1237 2151 inde
1253 2104 1338 2173 opes
1352 2080 1454 2151 alunt
1463 2079 1604 2167 luxum,
1630 2096 1665 2152 et
1685 2083 1880 2154 coelibatus
1903 2082 2069 2156 incendit
2084 2106 2139 2155 cn-

1152 2183 1336 2275 piditates,
1370 2195 1406 2254 et
1433 2183 1632 2254 confirmat·
1650 2182 1841 2261 licentiam.
1901 2181 2002 2257 Hinc
2033 2186 2140 2257 oritm

1152 2308 1289 2355 summa
1304 2283 1487 2376 turpitudo
1503 2308 1657 2361 morum.

211 1618 275 1690 Vl.
307 1617 404 1689 Haec
420 1619 584 1709 figmenta
598 1628 812 1711 pepererunt
826 1616 932 1703 bella,
956 1629 999 1688 ut
1012 1627 1104 1685 tem-

109 1748 196 1816 pore
215 1720 389 1792 Friderici
404 1720 551 1792 secundi
567 1734 601 1789 et
616 1715 938 1804 LudoviciBavari,
963 1732 997 1791 et
1009 1717 1105 1787 mul-

110 1823 278 1917 tipliciter
299 1819 643 1906 nocentEcclesiae,
673 1818 781 1909 Quia,
803 1821 890 1890 dum
903 1817 999 1912 Papa
1014 1818 1106 1909 regit

111 1925 258 2018 imperia
282 1924 425 2010 mundi,
450 1923 597 2014 negligit
608 1920 802 2006 Ecclesias,
827 1935 864 1993 et
883 1922 994 1993 multa
1019 1945 1105 1992 con-

111 2029 227 2100 stituit
239 2029 283 2097 ad
304 2027 502 2115 augendam
525 2026 742 2095 m‘undanam
763 2023 959 2116 potentiam
981 2035 1105 2093 contra

112 2130 260 2200 salutem
285 2124 480 2214 Ecclesiae,
520 2140 556 2198 et
583 2139 792 2219 attemperat
823 2125 1035 2215 religionem
1060 2125 1105 2194 ad

112 2256 192 2302 suas
209 2231 390 2303 utilitates.

216 2376 298 2451 vlt.
349 2374 427 2447 Etsi
453 2373 568 2464 Reges
594 2388 629 2446 et
654 2375 874 2469 respublicae
894 2367 1106 2445 debentho-

114 2495 214 2551 nesta
232 2479 406 2571 stipendia
425 2479 508 2546 dare
521 2474 727 2568 Episcopis‚
753 2478 816 2571 qui
831 2490 923 2546 recte
948 2477 1106 2566 lungun-
1253 2464 1338 2542 Xll.
1389 2464 1537 2539 Interim
1558 2471 1645 2541 dum
1665 2466 1854 2542 Pontifices
1878 2481 1915 2541 et
1939 2466 2143 2543 Cardinaln

114 2599 175 2654 tur
188 2582 303 2653 ollicio
320 2577 583 2664 Ecclesiastico,
608 2592 726 2647 tamen
742 2582 790 2650 sit
802 2580 948 2664 modus,
972 2574 1020 2648 Et
1036 2577 1107 2647 sint
1154 2571 1217 2664 qui
1242 2569 1459 2642 antecellunt
1478 2571 1668 2665 sapientia,
1691 2586 1775 2644 sunt
1794 2571 1958 2665 occupati
1978 2570 2076 2645 curn
2090 2594 2144 2643 ro·

114 2681 282 2776 Episcopi
299 2680 458 2753 contenti
470 2680 655 2772 stipendiis
676 2680 770 2768 suis,
795 2694 830 2752 et
848 2679 982 2750 faciant
1004 2703 1107 2749 suum
1155 2673 1230 2763 giae
1245 2672 1518 2759 dominationis,
1542 2686 1577 2744 et
1592 2674 1654 2744 alii
1668 2674 1708 2744 in
1723 2673 1797 2745 otio
1816 2674 1967 2760 vivunt,
1990 2672 2145 2769 quaefa-

116 2787 283 2858 officium.
334 2782 429 2876 Papa
444 2796 562 2853 autem
576 2806 651 2850 uon
666 2795 852 2854 contentus
865 2794 917 2851 est
932 2782 1108 2850 veteribus
1155 2774 1255 2843 ciunt
1277 2773 1391 2843 officia
1410 2772 1677 2847 Ecclesiastica?
1726 2775 1767 2848 si
1795 2799 1870 2845 non
1893 2776 2145 2870 postulandum

116 2888 291 2959 reditibus
307 2882 485 2954 Ecclesiae
499 2882 703 2970 Romanae,
727 2909 793 2956 nec
815 2883 956 2976 oppidis
970 2882 1109 2952 donatis
1156 2888 1242 2946 esta
1264 2875 1411 2946 summis
1436 2876 1756 2966 gubernationibus
1775 2891 1817 2949 nt
1837 2901 1902 2971 per
1924 2900 1963 2949 se
1982 2878 2144 2949 doceant:

117 2988 301 3074 aCarolo,
326 3001 388 3057 aut
400 2984 585 3056 Lndovico
608 2985 737 3076 primo.
785 2984 859 3058 sed
883 2983 1012 3055 omisso
1031 2984 1109 3054 olfi-
1157 2990 1274 3047 tamen
1289 2989 1382 3047 certe
1396 2972 1488 3048 hauc
1502 2980 1661 3070 oportuit
1674 3002 1746 3050 esse
1755 2978 1907 3073 primam
1920 2977 2145 3051 curamPon-

118 3094 173 3163 cio
190 3088 358 3182 Episcopi
378 3087 584 3158 dominatur
605 3085 702 3176 regio
725 3112 845 3174 more,
877 3098 982 3176 auget
1003 3085 1110 3154 ditio-
1157 3078 1279 3159 citreis,
1304 3075 1550 3150 Cardinalium
1566 3094 1601 3152 et
1615 3077 1892 3175 Episcoporum,
1916 3093 1960 3151 ut
1971 3076 2144 3153 Ecclesia

117 3219 209 3265 nem·
226 3192 347 3277 bellis,
371 3210 435 3260 seu
455 3188 558 3259 iustis
582 3211 645 3258 seu
666 3187 826 3277 iniustis,
860 3187 898 3257 vi
919 3200 954 3258 et
974 3187 1111 3270 frande,
1157 3177 1330 3250 haberent
1344 3195 1500 3272 pastores
1522 3182 1689 3268 idoneos,
1714 3195 1748 3253 et
1768 3195 1810 3268 pt
1831 3195 1967 3253 extaret
1988 3180 2144 3254 doctriua

118 3308 265 3387 occupat
281 3293 415 3367 alienas
426 3291 533 3362 urbes
550 3290 787 3386 qualicunque
809 3301 1002 3385 praetextu.
1051 3288 1111 3361 Sic
1157 3279 1400 3353 Ecclesiastico
1422 3308 1529 3374 pura,
1552 3297 1588 3355 et
1612 3306 1802 3355 consensus
1824 3294 1914 3353 esset
1934 3284 2144 3369 docentium,

118 3396 274 3469 Romam
289 3396 400 3487 ipsam
417 3406 452 3464 et
467 3393 596 3464 multas
613 3388 736 3462 Italiae
750 3394 856 3465 urbes
878 3390 1025 3472 invasit,
1051 3388 1112 3462 Sic
1157 3396 1199 3454 ut
1222 3395 1335 3452 errata
1357 3385 1539 3455 doctrinae
1565 3399 1599 3457 et
1618 3384 1722 3455 salsas
1737 3409 1776 3455 ac
1790 3386 2056 3477 superstitiosas
2075 3386 2145 3479 opi-

118 3499 221 3568 inani
244 3510 424 3588 praetextu
448 3494 648 3565 dominium
663 3494 733 3565 sibi
747 3506 887 3588 arrogat
902 3492 1003 3582 regni
1017 3490 1111 3565 Nea·
1158 3486 1283 3555 niones
1308 3487 1545 3580 undecunque
1567 3500 1682 3573 ortas,
1708 3500 1771 3558 aut
1792 3487 1839 3557 ab
1860 3487 1948 3578 ipsis
1968 3485 2145 3558 Pontifici-

119 3599 282 3692 politani.
1159 3588 1245 3671 bus,
1268 3600 1328 3655 aut
1351 3583 1551 3674 monachis,
1576 3601 1636 3658 aut
1649 3589 1693 3658 ab
1709 3589 1806 3673 aliis,
1831 3600 1968 3659 veteres
1981 3603 2019 3661 et
2032 3610 2145 3661 recem

1159 3703 1212 3758 tes
1235 3687 1468 3776 corrigerent,
1493 3691 1676 3759 abolerent
1691 3690 1837 3759 vitiosos
1854 3690 1989 3774 cultus,
2015 3713 2145 3761 coerce-

1145 3803 1240 3860 ,rent
1258 3789 1429 3880 populum
1444 3787 1686 3863 Ecclesiastico
1699 3791 1899 3882 disciplina.
1944 3789 1996 3863 Et
2009 3786 2144 3864 adhaec

1160 3906 1255 3962 tanta
1280 3892 1417 3979 negotia
1442 3907 1678 3964 convocarent
1700 3891 1885 3986 Synodos,
1917 3894 2146 3965 concederent

1160 3995 1228 4087 piis
1269 4006 1302 4062 ct
1341 3992 1452 4063 doctis
1492 3995 1691 4066 libertatem
1729 3995 1900 4063 dicendae
1939 3995 2146 4079 sententiae,

1160 4096 1389 4166 emendarent
1415 4095 1563 4173 iniustas
1586 4098 1695 4186 leges,
1733 4096 1911 4186 exigerent
1931 4097 2097 4186 dogmata
2115 4107 2145 4165 et

1160 4198 1251 4287 leges
1274 4197 1319 4264 ad
1343 4198 1491 4269 verbum
1512 4197 1597 4285 Dei,
1629 4200 1725 4273 iuxta
1751 4199 1959 4269 mandatum
1989 4198 2147 4283 coeleste,
2183 4234 2188 4243 ·

1160 4297 1266 4370 Hunc
1281 4299 1412 4370 audite.

224 3743 325 3819 vttl.
380 3744 458 3816 Hae
476 3769 560 3838 opes
579 3768 682 3837 saepe
699 3769 844 3834 magnos
860 3760 976 3819 motus
993 3746 1113 3820 inlta-

123 3852 170 3921 lia
190 3862 425 3941 pepererunt,
458 3848 544 3919 dum
570 3849 644 3918 lere
676 3846 808 3937 singuli
836 3846 1023 3920 Pontifices
1056 3851 1115 3925 vel

123 3976 249 4042 augere
277 3950 447 4021 ditionem
477 3963 671 4034 conantur,
704 3962 745 4018 ut
766 3948 861 4040 Papa
885 3947 1018 4036 lulius,
1055 3953 1112 4023 vel

123 4056 215 4125 lilios
239 4067 300 4123 aut
322 4053 543 4145 propinquos
568 4046 734 4137 evehere,
760 4051 912 4141 expulsis
932 4054 1112 4143 prioribus

66 4179 70 4187 ·
123 4157 295 4241 dominis,
321 4167 361 4224 ut
376 4155 504 4224 accidit
518 4155 584 4224 sub
598 4148 802 4224 Alexandro
820 4151 855 4224 6.
872 4168 907 4224 et
921 4153 1114 4228 Clemente.

123 4249 285 4348 Longum
305 4269 393 4327 esset
408 4271 539 4327 veteres
552 4251 718 4326 historias
732 4255 889 4331 recitare.

222 4407 287 4483 lx.
338 4402 448 4491 Item,
473 4405 610 4496 quoties
632 4406 676 4473 ad
695 4400 786 4474 hanc
800 4405 932 4494 regiam
950 4405 1112 4474 domina·
1654 4483 1664 4501 ‚
1788 4483 1797 4500 ·
2046 4483 2056 4501 ι
2116 4481 2127 4503 .

125 4510 257 4579 tionem
289 4502 457 4578 tuendam
477 4506 665 4578 Pontifices
688 4508 941 4575 commiserunt
963 4506 1057 4576 inter
1078 4531 1113 4575 se
1187 4512 1191 4523 ’
1262 4485 1359 4554 Hm
1392 4508 1473 4554 cum
1502 4508 1576 4553 ¹¹⁰ss
1598 4484 1745 4567 simini,
1787 4507 1859 4553 ¹ffl⁰
1884 4506 1930 4552 ¹¹0
1956 4483 2146 4553 d0m¹ss³l¹⁰

125 4634 222 4700 rege,
244 4608 420 4700 Europae,
482 4605 1113 4692 1³05,morpemffidesicisefflndf,
1161 4589 1408 4666 labefactetur,
1434 4600 1607 4655 conentur
1630 4584 1827 4677 opprimere
1847 4585 1944 4675 piam
1965 4587 2148 4657 etsatuta·

124 4711 238 4781 uocati
256 4725 340 4780 sunt
362 4713 400 4777 in
422 4733 570 4799 regnum
585 4709 857 4800 Neapolitanum
874 4707 990 4794 Galli,
1015 4708 1114 4779 Cun—
1161 4715 1235 4760 1⁰¹⁰
1260 4688 1457 4805 d⁰⁰¹si¹¹³¹f¹¹
1481 4685 1685 4805 EYilssgflih
1721 4687 1951 4804 Ullllssflmlffm
1974 4700 2066 4759 ‘⁸⁸‘st
2085 4681 2150 4757 Εθ·

124 4814 272 4885 radinus
301 4807 424 4880 haeres
451 4812 550 4898 regni
573 4826 714 4902 captus,
750 4824 785 4880 et
811 4812 1004 4881 decollatus
1024 4827 1114 4882 (Ἣ
1162 4786 1435 4862 clesiaeChristt
1455 4813 1587 4880 regiam
1610 4788 1708 4856 tllam
1732 4789 2017 4858 dominationem
2030 4786 2150 4859 Pontt·

124 4915 306 4986 Pontilice.
358 4910 540 5000 Quantum
556 4913 690 4982 bellum
709 4915 868 4985 accendit
883 4911 995 4984 lulius
1010 4913 1116 5006 Papa,
1162 4894 1286 4964 fissibus
1308 4893 1482 4972 adime,
1517 4905 1551 4999 ei
1572 4914 1656 4981 ΟΡθδ
1679 4890 1836 4978 redigere
1857 4891 1903 4959 ad
1926 4890 2150 4962 mediffliffl·

126 5033 167 5089 up
183 5014 386 5088 Bononiam
400 5013 593 5104 reciperet?
1164 5010 1247 5067 tem.
1296 4991 1387 5063 Nam
1411 4996 1496 5062 dum
1511 5003 1635 5062 tenent
1657 4992 1788 5081 regiam
1810 4990 2093 5063 dominationem
2117 5003 2151 5063 el

1164 5109 1278 5168 tantas
1292 5117 1394 5185 opes,
1420 5092 1638 5185 impossibile
1653 5108 1721 5178 est,
1747 5116 1806 5162 eos
1831 5092 1913 5183 plus
1938 5119 2065 5166 curcue
2085 5090 2151 5167 Eo·

129 5247 359 5261 ----
1164 5196 1354 5269 clesiastica
1369 5196 1504 5283 officia,
1528 5218 1632 5290 quam
1652 5188 1836 5289 prophana
1852 5194 2009 5287 negotia.

110 5381 289 5437 Ain-l.
305 5387 408 5452 glossa.
