4522 5752
222 310 226 317 .
476 264 490 286 ‘
610 254 616 259 '
677 233 954 318 A'NMLES
987 238 1174 316 VITAE
1208 240 1337 320 Mne.
1392 240 1524 320 1541.
1615 244 1619 257 '

98 362 175 416 run.-

123 445 167 511 ὃς
210 422 318 486 Caesar
343 422 500 486 ordinibus
525 421 646 519 imperii
672 434 737 485 acta
762 425 910 508 colloquii
934 422 1044 503 tradit,
1079 436 1111 487 at
1134 444 1239 486 eorum
1265 427 1375 488 indicia
1403 433 1508 508 poscit.

81 564 141 617 1⁰-
149 562 191 617 12.
210 555 319 640 Legati
343 558 382 620 ad
405 528 686 619 Lnrherum'missi
711 570 782 619 caten
806 579 844 619 eo
870 569 974 640 agunt.
1049 580 1054 587 ·

110 700 174 760 21.
213 690 373 776 Philippus
398 686 606 772 Landgrarius
631 664 759 753 domum
782 689 871 753 redit.

106 826 178 896 24.
212 822 357 907 Cruciger
377 827 454 907 petit
478 827 598 888 reniam
623 823 749 888 domum
774 823 928 887 redeundi.

111 959 171 1028 24.
211 955 390 1021 ilelanthon
412 963 590 1021 seutentiam
612 980 697 1022 suam
716 957 789 1021 dicit
814 959 852 1021 de
877 960 955 1019 libro
980 953 1123 1020 Caesaris.

211 1088 289 1154 Item
315 1088 460 1154 Bucerus.

111 1230 172 1292 29.
213 1221 408 1295 Conveniunt
431 1222 602 1303 Catholici,
636 1237 672 1288 ut
697 1227 874 1287 sententiam
898 1225 936 1287 de
960 1227 1038 1287 libro
1062 1222 1172 1285 dIcant.

115 1344 169 1495 13¹.
214 1416 364 1485 Catholici
377 1416 508 1511 ¹Caesari
533 1424 623 1484 aliam
647 1408 811 1486 i'ormulam
835 1426 918 1506 pacis
943 1420 1085 1485 offerunt.
1143 1417 1293 1483 Catholici
1328 1440 1448 1481 omnam
1481 1442 1543 1481 rem
1576 1421 1613 1482 ad
1640 1422 1845 1487 Conterenum
1868 1427 2001 1504 legatum
2023 1419 2132 1486 Ponti·

263 1525 328 1585 ficis
352 1525 457 1586 referri
482 1526 600 1587 volunt.

128 1666 164 1728 3.
213 1651 356 1740 Princeps
374 1654 497 1721 Elector
520 1655 711 1722 Melanthoni
735 1669 766 1720 et
788 1657 939 1740 theologis
960 1642 1078 1736 scribit,
1118 1670 1152 1719 ut
1183 1660 1359 1718 seutentiam
1390 1656 1428 1716 de
1462 1658 1537 1717 libro
1565 1652 1696 1720 Caesaris
1723 1662 1851 1722 scribant
1877 1673 1906 1724 et
1932 1660 2066 1738 tradant,
2092 1645 2132 1745 fet
2194 1662 2198 1669 ’

264 1773 367 1841 postea
391 1759 517 1823 domum
540 1760 671 1824 redeant.

112 1901 175 1962 12.
212 1889 412 1956 Protestantes
435 1892 555 1959 Caesari
578 1892 699 1955 tradunt
723 1897 901 1956 senteutiam
926 1913 1012 1954 suam
1038 1896 1187 1972 scriptam.

214 2022 321 2089 Caesar
344 2030 489 2111 proponit
514 2026 644 2089 sormam
663 2026 792 2106 decreti,
824 2039 854 2088 et
877 2025 969 2087 rei'ert
994 2023 1069 2109 quid
1094 2020 1280 2087 Contareuus
1305 2024 1502 2106 responderit.

114 2166 176 2228 28.
213 2155 286 2223 Mel.
310 2162 414 2224 scribit
432 2155 511 2242 Regi
535 2157 661 2224 Sueciae
685 2159 843 2247 historiam
867 2170 1032 2223 conr-tus
1058 2161 1148 2242 eique
1173 2160 1281 2238 gratias
1306 2160 1368 2239 agit
1391 2177 1447 2240 pro
1472 2162 1584 2239 poculo
1608 2161 1646 2220 ab
1673 2182 1708 2224 eo
1732 2174 1865 2243 accepto.

214 2287 362 2356 Invitatur'
386 2289 565 2355 Melanthea
590 2313 609 2355 a
631 2287 952 2374 Norirnbargansibus‚
984 2302 1018 2353 ut
1041 2294 1076 2352 in
1096 2291 1194 2352 redito
1218 2250 1447 2372 Norimbergam
1470 2297 1581 2354 veniat.

115 2428 175 2494 24.
215 2423 368 2510 Scriptum
392 2425 430 2489 de
454 2424 647 2487 emendandis
670 2427 760 2488 sacris
783 2421 962 2489 Melanthon
985 2426 1079 2487 mittit
1104 2424 1142 2485 ad
1167 2421 1352 2486 Fridericum
1368 2421 1518 2487 Comitem
1539 2423 1718 2547 Palatinum.

112 2565 174 2629 29.
215 2554 357 2621 Edictum
382 2554 659 2622 coenantum
684 2561 888 2622 comitiorum.

111 2701 175 2762 80.
214 2690 393 2756 hlelantbou
416 2692 543 2757 domum
565 2693 773 2775 proficiscitur.
832 2689 994 2758 Curaverat
1012 2684 1212 2769 Ratisbonae,
1254 2702 1289 2753 ut
1312 2691 1388 2775 liber
1412 2687 1545 2756 Οιοιιιίι
1571 2690 1766 2777 Witebargae
1792 2691 1998 2760 excuderetur.
2055 2689 2130 2757 Vid.

265 2817 315 2878 ep.
336 2790 433 2857 Lutb
455 2794 486 2859 d.
512 2796 547 2863 4
570 2791 655 2878 Aug.
681 2794 764 2877 apud
788 2795 826 2859 de
850 2792 953 2862 Wett.
978 2790 1017 2858 Τ.
1032 2789 1076 2856 V.
1100 2816 1132 2877 p.
1151 2796 1237 2863 888·

101 2918 177 2990 Aug.

113 3007 160 3089 s.
214 2989 416 3055 Melanthonis
448 2988 632 3073 stipendium
663 3001 786 3056 numum
816 3008 880 3059 erat
911 2993 1034 3058 adiactIa
1065 2999 1187 3054 centum
1215 2989 1357 3071 florenis,
1397 2989 1459 3055 vid.
1486 2993 1573 3074 epist.
1599 2986 1697 3060 Lura
1720 2991 1801 3078 apud
1826 2993 1864 3055 de
1889 2988 1991 3058 Watt
2024 2985 2065 3053 Τ.
2088 2983 2131 3052 V

263 3116 294 3177 p
320 3096 405 3161 887

129 3235 163 3300 4.
216 3222 391 3289 Melanthou
414 3218 540 3307 Lipsiae
559 3225 622 3306 agit
644 3224 682 3288 de
706 3225 881 3291 acoemendo
904 3221 1109 3292 emerito·
1100 3246 1133 3287 ιιι
1157 3222 1355 3288 Academiam
1378 3219 1544 3310 Lipsicam.

127 3368 161 3435 5.
215 3356 349 3422 Advenit
372 3353 553 3421 Melanthea
578 3332 813 3443 Witebergsm.
852 3408 855 3414 .
923 3357 930 3369 ''
1533 3324 1541 3329 ”

114 3501 174 3569 14.
215 3489 400 3558 Camerarius
424 3504 549 3556 vocatur
568 3485 719 3576 lipsiam.

113 3641 174 3705 18.
214 3624 379 3706 Henricus,
411 3621 488 3687 Dux
509 3618 681 3707 Saxoniaa,
714 3625 852 3688 moritur.

115 3775 178 3839 19.
214 3758 325 3824 Scribit
344 3754 544 3825 Melanthona
578 3764 730 3841 „instituo
751 3771 907 3845 pertuara
929 3784 970 3831 tc
992 3760 1210 3853 puosoldycao,
1244 3761 1292 3822 val
1314 3772 1457 3823 retexera-
1473 3762 1587 3842 potius.
1636 3757 1758 3825 Abdere
1780 3760 1863 3821 enim
1886 3778 1936 3822 me
1960 3761 1993 3820 in
2014 3759 2130 3822 scholas

263 3858 387 3946 cupio.”

113 4013 175 4077 26,
213 3991 337 4080 Lipsiae
360 4006 423 4077 eat,
454 4010 486 4061 at
509 3993 680 4062 Camerario
705 3997 808 4059 scribit
831 3992 934 4057 laudes
956 3993 1048 4056 huius
1071 3995 1154 4063 urbia
1179 4006 1210 4057 et
1234 3994 1411 4056 academiae.

214 4129 448 4198 concionatores
471 4125 703 4195 Brnnsvioensaa
734 4127 888 4209 defendit,
926 4129 983 4212 qui
1012 4130 1046 4189 iu
1078 4130 1273 4192 concionibus
1296 4126 1466 4192 Heuricum
1488 4123 1608 4191 Ducam
1629 4124 1761 4192 Bruuaa.
1792 4131 2014 4212 appellaverant
2046 4130 2129 4190 ainau

263 4228 494 4296 Morddrmncr.

96 4342 178 4494 &9⁹²⁶
213 4411 377 4479 Theodoro
402 4413 522 4475 scribit.
561 4403 673 4475 novam
705 4410 923 4496 praefationem
954 4406 1056 4471 addidi
1079 4413 1156 4472 locis
1181 4411 1393 4474 communibus
1417 4410 1525 4491 editis,
1564 4409 1617 4473 sed
1642 4415 1669 4474 ai
1694 4413 1795 4474 rivam
1819 4422 1918 4473 totum
1942 4413 2054 4475 librum
2079 4432 2129 4473 ro·¹

248 4512 374 4580 texam
419 4570 427 4580 .

106 4612 177 4763 οἱ.
212 4694 321 4761 Editua
344 4707 389 4757 est
413 4688 525 4756 Bucari
548 4693 626 4757 liber
649 4691 688 4757 de
712 4694 870 4779 colloquio
894 4686 1012 4756 Ratisb.

125 4832 158 4898 8.
212 4828 366 4893 Prodeant
388 4822 592 4892 Melanthum
618 4838 683 4891 acta
707 4829 856 4913 colloquii
876 4820 992 4889 Ratiah.

110 4966 172 5032 28.
212 4962 337 5029 Carolus
361 4958 529 5047 Imperator
552 4955 713 5043 Argiam
737 4964 865 5046 appulit.

26 5098 33 5109 '
110 5100 171 5164 26.
211 5095 397 5162 &samarius
421 5097 505 5157 venit
524 5087 674 5176 Lipsiam.
1340 5186 1354 5199 α

100 5182 177 5334 ΝΠ,
209 5261 274 5327 Mel
299 5275 330 5325 at
353 5262 408 5324 alii
431 5258 568 5344 theologi
593 5259 769 5325 mammo
794 5257 928 5321 scribunt
954 5263 1039 5335 „toti
1059 5245 1146 5347 §titt
1171 5249 1232 5320 out
1259 5247 1434 5335 &wiltios

122 5402 156 5467 2.
208 5392 335 5460 Enarmt
358 5388 526 5459 Ptolemaei
547 5393 684 5485 μεγάλην
705 5391 866 5482 σύνταξιν.
