4522 5752
177 193 280 291 176'
733 186 1174 273 EPISTOLARUM
1218 184 1463 272 nutvnt.
1516 186 1652 266 tatt.
2087 194 2091 203 ’
2138 190 2216 269 lli

176 382 367 458 Voluimus
390 373 526 468 pertesi
549 369 857 444 Wormatiensem
884 366 1171 458 disputationem.
1219 363 1359 441 Martis.
1401 363 1472 438 Sed
1496 365 1587 437 aliae
1605 364 1762 436 veriores
1783 386 1925 439 mussas
1944 379 2039 443 sunt
2064 360 2216 453 ,Divini-

176 489 249 564 Sed
277 480 345 554 hoc
373 502 449 547 non
478 487 592 569 potest
622 472 789 543 obtineri.
853 468 983 541 Caesar
1008 461 1171 539 Carolus
1218 481 1276 539 tus
1307 469 1462 560 plector,
1495 492 1535 539 ac
1567 467 1677 539 iustas
1702 490 1834 561 poenam
1859 465 1926 557 do,
1953 492 2036 541 cnm
2061 469 2215 541 aliorum

176 585 333 665 ostendit
367 605 404 651 se
436 580 655 649 delectorum
688 597 761 644 csse
791 586 904 644 certos
931 573 1173 664 principeset
1218 593 1381 640 meorum
1399 571 1631 656 delictorum,
1664 583 1742 643 tum
1762 593 1847 641 vero
1871 572 1976 645 ctiam
1996 564 2107 643 buius
2120 594 2216 643 meas

178 698 357 771 doctores,
390 682 455 775 qni
477 682 521 750 de
543 676 793 749 controversiis
818 678 1023 766 dogmatum
1036 674 1174 743 delibo*
1219 650 1413 758 facilifatis‚
1447 674 1544 766 quod
1564 672 1728 744 futilibus
1748 684 1783 743 et
1805 673 1951 745 insulsis
1970 671 2134 745 consiliis
2153 674 2216 745 ad-

176 809 286 868 rent.·
320 785 356 859 Is
378 784 534 854 delectus
557 781 629 850 iam
649 793 879 871 exspectatur.
929 775 1049 847 Habes
1063 788 1172 846 totam
1219 770 1339 845 hiberi
1360 798 1417 845 me
1439 775 1540 860 sino,
1578 787 1702 871 contra
1723 788 1778 846 tot
1798 789 1983 869 praecepta
2003 775 2215 869 sapientum.

179 892 367 969 historiam
393 896 606 967 conventus,
637 904 721 965 nec,
755 881 786 949 si
812 882 965 960 adesses,
998 878 1102 970 plura
1129 879 1173 946 de
1219 874 1340 947 Habes
1356 881 1513 947 caussam
1528 876 1663 947 silentii
1677 877 1759 963 mei,
1784 877 1847 948 din
1863 879 1959 949 enim
1974 877 2097 949 dextra
2115 901 2215 969 pror-

178 990 377 1094 praccipuis
406 985 556 1075 negotiis
587 982 740 1053 audires.
796 979 925 1053 Caesar
955 981 1098 1051 videtur
1127 979 1173 1048 ad
1220 1003 1280 1050 sus
1297 1003 1372 1049 non
1386 979 1490 1070 potui
1503 979 1578 1064 uti,
1610 979 1837 1051 nuncetiam
1857 980 1917 1053 vix
1938 980 2101 1073 guberno
2123 980 2213 1051 cala-

178 1100 360 1173 moderata
381 1087 527 1161 consilia
549 1085 751 1155 inclinatus.
801 1082 873 1154 Sed
894 1081 995 1152 miris
1016 1080 1173 1152 artificiis
1221 1106 1332 1154 mum.
1383 1078 1457 1151 Nec
1478 1093 1514 1150 te
1535 1080 1660 1152 fefellit
1683 1095 1743 1152 tua
1760 1081 1952 1170 divinatio,
1977 1080 2214 1175 cumscripsi-

179 1197 381 1295 impediunt
402 1188 576 1284 pontificii
596 1188 773 1257 bonorum
790 1186 905 1256 studia
922 1197 957 1255 et
971 1184 1174 1257 sententias.
1221 1184 1267 1254 sti
1290 1197 1325 1253 te
1346 1184 1428 1273 angi
1450 1183 1570 1254 animo
1590 1196 1737 1276 propter
1754 1197 1827 1255 tam
1856 1180 2068 1257 diuturnum
2090 1206 2212 1267 ‚meum

179 1301 380 1376 Praefectus
393 1291 553 1362 Plaensis
576 1311 752 1381 nusquam
767 1288 806 1357 in
820 1288 948 1357 itinere
966 1299 1105 1356 nostros
1119 1309 1175 1355 sa·
1222 1284 1416 1360 silentium.
2072 1308 2079 1313 ·

105 1438 116 1451 ·
179 1403 318 1479 lutarit.
368 1394 453 1466 Ideo
468 1394 512 1462 de
528 1417 569 1461 co
583 1391 743 1480 negotio,
775 1392 907 1483 dequo
924 1389 1090 1460 collocuti
1114 1408 1174 1458 su·
1325 1383 1368 1457 ln
1383 1387 1510 1458 itinere
1526 1390 1621 1480 apud
1636 1391 1782 1463 fratrem
1800 1389 1985 1476 tuumdni,
2017 1386 2137 1485 quite
2157 1386 2215 1475 ex·

179 1497 327 1600 φης’),
358 1519 459 1588 agere
481 1488 576 1567 nibil
595 1493 707 1585 potui.
759 1489 851 1561 Nam
868 1515 987 1561 coram
1000 1480 1176 1561 malebam
1222 1501 1347 1583 pectat.
1386 1486 1441 1559 De
1455 1488 1597 1583 Lipsico
1611 1494 1754 1585 negotio
1768 1492 2008 1586 respondebo,
2027 1486 2213 1562 cumGalli

180 1634 263 1684 cum
288 1630 330 1677 eo
356 1596 531 1690 colloqui,
570 1617 677 1688 quam
703 1593 748 1661 iis
773 1594 993 1664 committere
1023 1615 1175 1673 causam,
1222 1593 1268 1662 ad
1290 1604 1325 1661 te
1349 1592 1531 1663 redibunt.
1595 1592 1754 1668 Historia
1778 1609 1974 1669 conventus
1996 1586 2116 1663 adbuc
2135 1614 2215 1685 per-

180 1731 334 1808 quornm
367 1699 644 1771 familiaritatem
681 1696 846 1784 defugere
877 1695 1019 1767 dicitur.
1077 1691 1176 1764 Bene
1223 1693 1341 1764 brcvis
1364 1707 1426 1765 est.
1477 1692 1549 1766 Sed
1571 1698 1728 1788 petimur
1750 1697 1892 1769 insidiis
1915 1697 2099 1790 aliquanto
2122 1706 2214 1767 astu·

181 1815 270 1886 vale.
295 1808 355 1880 dic
371 1805 429 1877 16.
444 1797 597 1894 Aprilis,
618 1797 733 1890 pridie
748 1801 817 1870 τοῦ
830 1789 1021 1889 πάσχατος
1037 1793 1151 1871 1541.
1222 1796 1311 1879 tius,
1352 1819 1458 1890 quarn
1480 1797 1519 1865 in
1541 1795 1802 1889 Vangionibns.
1859 1792 2069 1889 Deligentur'·
2088 1793 2215 1869 iterum

839 1895 935 1969 Phil.
952 1893 1127 1970 Melantb.
1224 1897 1391 1992 quidam,
1425 1899 1488 1991 qni
1511 1901 1556 1970 de
1578 1901 1803 1991 dogmatibus
1824 1901 2034 1974 deliberent.
2083 1890 2128 1969 ld
2148 1896 2216 1967 im-

1224 1999 1345 2091 pedire
1375 2014 1550 2073 conantur
1578 2002 1761 2095 pontificii.
1818 1999 1936 2098 Atque
1963 1996 2105 2075 utinam
2128 1992 2214 2071 haec

1224 2102 1342 2194 inepta
1360 2103 1507 2172 consilia
1520 2100 1618 2175 Dens
1631 2105 1789 2199 dissipet.
2036 2130 2040 2135 ·

102 2288 110 2297 ρ
181 2244 249 2317 No·
263 2236 376 2312 2196·
1013 2240 1069 2302 19,
1086 2231 1162 2316 gp,
1328 2201 1447 2274 Tuam
1474 2205 1659 2298 epistolam
1687 2209 1733 2279 de
1763 2207 1983 2280 adolescente
2011 2196 2216 2299 Prutmo⁸)

191 2334 357 2370 φη.
998 2324 1171 2353 W
1225 2306 1314 2396 legi,
1338 2328 1379 2376 ac
1393 2307 1497 2377 doleo
1513 2307 1631 2380 alicua
1652 2303 1744 2380 mibi
1763 2324 1904 2402 peccata
1923 2309 2097 2403 pudorem
2115 2304 2218 2377 incu-

460 2413 610 2498 Ῑραςὴ,
644 2408 918 2498 camerario„
1225 2421 1315 2492 tere,
1345 2421 1387 2479 ut
1409 2408 1471 2478 ille
1494 2409 1623 2504 inquit.
1674 2409 1812 2483 irascor
1830 2409 2068 2495 adolescenti,
2092 2406 2216 2503 quiin

1224 2510 1378 2594 familia,
1409 2511 1544 2603 optima
1561 2512 1747 2604 disciplina
1765 2513 1945 2600 instituta,
1973 2512 2024 2605 sic
2039 2510 2148 2592 vixit,
2177 2520 2216 2581 ut

1226 2611 1395 2702 indignus
1411 2627 1473 2685 tuo
1487 2608 1643 2706 hospitio
1663 2616 1850 2690 indicetur.
1899 2613 1982 2687 Non
1997 2611 2107 2705 igitur
2122 2623 2215 2705 peto,

1145 2747 1153 2766 ·
1226 2726 1265 2784 ut
1281 2713 1416 2784 diutius
1432 2739 1514 2785 eum
1529 2715 1627 2786 domi
1642 2730 1721 2788 tuae
1740 2718 1912 2800 retineas,
1940 2717 2010 2787 'sed
2030 2727 2074 2786 nt
2092 2711 2216 2786 tantis·

184 2752 345 2838 Clartss.
374 2764 405 2826 et
429 2763 500 2854 opt.
526 2750 603 2822 viro
628 2742 873 2820 Inachimo
898 2741 1180 2820 Camerarso
1654 2819 1663 2836 ‚
1974 2819 1984 2837 ·

184 2867 223 2939 in
248 2856 448 2935 Academia
473 2851 707 2949 Tubingeosi
730 2851 850 2922 amico
883 2876 950 2923 suo
984 2851 1115 2927 cariss,
1147 2860 1179 2922 el
1226 2841 1289 2909 Per
1313 2817 1463 2934 ⁰⁰‚H0oes
1489 2819 1585 2909 ³P¹¹d
1615 2819 1790 2914 ³¹¹q¹¹²¹¹¹⁵
1829 2843 1891 2891 *ω
1910 2816 2216 2940 ῙΡΨῨΜῙΨ,

1226 2942 1288 2988 seu
1312 2919 1423 2988 almm
1446 2920 1699 3012 professorem,
1740 2923 1853 2992 donec
1881 2944 2037 3013 principa
2066 2920 2113 2989 de
2145 2938 2216 2987 uus

379 3100 403 3119 „
600 2978 781 3115 summo,
933 3092 941 3108 ,
1225 3020 1386 3090 moribus
1401 3022 1552 3090 scribere
1568 3036 1704 3115 potero.
1754 3020 1867 3117 quue
1888 3024 1986 3095 dicas
2003 3017 2217 3093 adolescenti

184 3089 229 3180 S.
251 3104 297 3177 D.
357 3101 428 3170 lix
451 3118 617 3188 agnosces
641 3095 800 3163 fortassis
824 3086 888 3161 bas
916 3091 1059 3178 lituras,
1092 3117 1179 3186 quas
1225 3147 1282 3192 me
1305 3124 1482 3193 facturum
1502 3146 1584 3197 esse·
1635 3123 1846 3210 Beneva'e’
1880 3121 2056 3198 diem·
2071 3118 2215 3216 Aprili&

183 3210 293 3304 pinso
314 3202 513 3294 rigentibus
537 3197 658 3316 dicitis
681 3218 755 3265 ⁰⁰11
778 3194 855 3264 sine
870 3195 991 3288 aliano
1010 3195 1179 3266 cruciatu·
1224 3221 1280 3295 Ε.
1295 3223 1434 3295 ruem
1449 3223 1601 3297 cotona
1616 3222 1933 3322 aroannam)

183 3312 276 3384 Nam
299 3308 339 3379 in
364 3307 464 3376 aditu
486 3300 675 3382 Bavarrae,
713 3320 794 3366 cum
816 3309 1031 3368 everteretur
1055 3321 1178 3368 curros
1734 3339 1924 3439 Philippus
1939 3337 2163 3415 Melantho&

185 3439 257 3508 qno
272 3406 446 3490 vehebat,
476 3405 597 3473 dextra
621 3395 712 3469 mihi
735 3399 821 3468 adeo
842 3398 980 3468 duriter
1002 3399 1103 3469 allisa
1125 3413 1178 3469 cst

185 3516 320 3606 tigillo,
352 3524 393 3579 nt
414 3522 447 3577 et
472 3528 550 3575 ossa
565 3504 738 3595 quaedam
754 3499 795 3573 ἐν
810 3504 944 3595 καρπῷ
959 3500 1077 3570 luxata
1093 3501 1178 3587 sint,

187 3632 221 3689 ct
236 3613 413 3711 quassatio
433 3611 522 3678 facta
539 3628 728 3686 venarum,
759 3626 950 3675 nervorum
968 3598 1031 3674 καὶ
1051 3596 1179 3676 cardr—
1642 3656 1647 3661 .
2027 3658 2031 3665 ¹

185 3742 274 3793 των.
326 3710 482 3785 Accessit
503 3707 640 3797 insigne
662 3716 817 3774 erratum
835 3698 1115 3794 Chirurgorum,
1137 3717 1179 3775 ut
1226 3693 1292 3769 No.
1307 3696 1420 3769 2197.
2050 3707 2111 3770 20,
2127 3697 2203 3781 Ap,

186 3831 330 3902 vocant,
363 3814 427 3908 qni
450 3824 572 3882 contra
594 3831 713 3877 meum
736 3805 909 3875 indicium
930 3808 1105 3895 negabant
1121 3805 1179 3876 lu.
1234 3791 1407 3823 *Ν
1583 3885 1590 3901 .
2038 3788 2210 3820 Μ

186 3922 365 3997 xationem
385 3918 511 3985 factam
536 3934 619 3982 csse.
678 3906 824 3979 Interim
848 3908 1031 4002 oxycrocio
1055 3932 1179 3978 excru-
1310 3976 1315 3981 ,
1531 3877 1636 3967 tho
1673 3879 1911 3966 Theodoro.
1946 3984 1954 3995 ι

188 4026 324 4107 ciabar,
364 4032 399 4089 et
420 4015 522 4105 digiti
543 4011 716 4106 paulatim
738 4010 940 4080 arescebant
961 4034 1002 4079 ac
1029 4010 1180 4080 emorie-
1292 4059 1368 4115 ΕῚ
1396 4059 1434 4114 pb
1461 4059 1499 4113 u,
1570 4061 1620 4118 m
1686 4093 1724 4104 -
1748 4060 1783 4116 Η,
1894 4070 1904 4117 ¹
1951 4056 1956 4067 ,
2039 4048 2191 4120 „ww

186 4130 330 4199 bantur.
391 4118 478 4189 lnde
504 4113 657 4185 convicti
686 4112 903 4181 luxationem
923 4114 1178 4202 agnoscebant.
1316 4081 1389 4186 pili.
1402 4082 1422 4184 l
1438 4149 1465 4201 p
1478 4078 1552 4186 5151λ
1632 4081 1674 4135 sq.
1776 4058 2025 4135 ucusuognpto
2038 4078 2068 4115 ω
2184 4078 2216 4115 ⁰'

186 4229 304 4301 Mittit
321 4224 430 4315 igitur
444 4220 488 4289 ad
503 4241 559 4285 me
579 4209 788 4286 Graneelus
804 4209 986 4283 hominem
1000 4210 1179 4308 Burgun—
1365 4287 1373 4305 ο
1880 4224 1916 4307 ι·
2088 4238 2123 4307 .-

188 4327 294 4413 dum,
316 4327 378 4422 qui
393 4323 510 4393 aulam
527 4306 662 4386 Caroli
676 4313 767 4406 Imp.
782 4311 873 4385 lianc
889 4340 997 4386 tinam
1013 4318 1060 4385 ob
1076 4339 1179 4385 caus·
1225 4282 1280 4360 D·
1306 4282 1424 4364 tho
1446 4281 1710 4371 Th⁶⁰d⁰r⁰2
1745 4285 1886 4361 doctu&
1907 4284 2058 4386 Evang·
2080 4284 2217 4361 tttEc·

188 4458 262 4505 sam
279 4429 455 4524 sequitur,
488 4422 584 4514 quod
600 4433 710 4490 artem
732 4417 915 4510 profitetur
936 4419 1055 4488 luxata
1075 4441 1180 4509 repo·
1577 4389 1658 4462 cles·
1673 4386 1871 4491 Noriberg.

188 4533 311 4605 nendi.
360 4525 506 4599 Curatio
525 4523 625 4597 tarda
641 4514 743 4614 est¹),
776 4532 809 4588 et
829 4519 1010 4589 dissimilis
1027 4518 1179 4589 Germa·
1227 4504 1270 4596 S
1294 4525 1340 4596 D.
1389 4523 1469 4600 Etsi
1492 4531 1675 4622 sperabam
1696 4543 1731 4600 t,
1751 4531 1852 4624 prin,
1869 4529 2219 4604 mammasti„

188 4638 289 4707 nicae
312 4627 453 4703 rationi.
510 4623 595 4695 Non
617 4645 749 4717 quaero
771 4620 1008 4712 Astrologicas
1030 4645 1180 4703 caussas,
1228 4630 1305 4720 ripa
1328 4627 1508 4712 Danubii,
1550 4657 1655 4725 quam
1678 4627 1739 4704 ht,
1763 4634 1969 4705 tabellaria,
1987 4630 2220 4725 Nofipmffl

189 4739 255 4810 etsi
274 4733 434 4829 proxima
451 4725 605 4819 Eclipsis
621 4718 713 4801 mihi
729 4724 861 4792 minata
885 4738 956 4808 est,
990 4737 1025 4794 et
1047 4747 1088 4794 to
1110 4724 1181 4809 die,
1229 4731 1379 4812 redibit,
1413 4734 1497 4803 dedi
1520 4747 1636 4804 tamen
1659 4735 1692 4804 ci
1714 4730 1806 4806 banc
1825 4735 2029 4831 epistolam,
2060 4732 2220 4831 quamsi

190 4866 261 4936 qno
278 4858 405 4907 manus
420 4832 538 4902 luxata
555 4843 623 4913 cst,
656 4826 830 4918 oppositio
841 4821 872 4917 ²)
895 4827 963 4896 fuit
984 4825 1131 4897 Saturni
1148 4839 1182 4897 et
1230 4834 1307 4904 istic
1329 4834 1498 4927 accipies,
1529 4860 1742 4929 magnopere
1763 4838 1881 4909 abste
1903 4852 2008 4930 peto,
2037 4852 2221 4933 utquam-

1231 4936 1386 5027 primum
1401 4932 1490 5006 mihi
1507 4938 1563 5008 vel
1585 4964 1651 5036 per
1670 4938 1882 5031 peculiarem
1899 4940 2124 5013 tabellarium
2135 4938 2220 5025 mu-

182 2098 1175 2139 Μ

250 2603 335 2678 Epist.
352 2599 386 2654 ad
399 2597 537 2654 camerac.
551 2612 579 2665 p.
592 2592 644 2646 3⁵6
657 2611 698 2665 sq.
717 2590 772 2658 (ed.
786 2590 874 2646 Lond.
888 2590 935 2646 lib.
950 2589 996 2648 IV.
1015 2609 1058 2663 ep,
1073 2588 1159 2661 m).

192 5033 418 5060 W

223 5160 253 5229 a)
271 5158 325 5212 lter
337 5150 372 5208 ad
384 5157 550 5205 conventum
562 5143 666 5198 fecerat
676 5138 838 5195 lllclaotbon
853 5159 902 5212 per
914 5139 1124 5213 Altenbnrgum.

227 5250 256 5316 t)
273 5245 336 5298 Non
353 5237 443 5312 potuit
462 5233 520 5286 fieri
541 5229 688 5298 repositio,
713 5225 818 5282 idcirco
838 5245 934 5281 manus
951 5245 1090 5299 nunquam
1108 5238 1182 5285 recte
1265 5231 1293 5299 3)
1312 5229 1341 5285 0.
1363 5249 1383 5283 a
1397 5229 1542 5282 Kunlrcim
1561 5228 1703 5299 adscripsit
1722 5231 1835 5304 entique
1851 5248 1961 5288 mnus.
1996 5230 2124 5289 torum
2139 5228 2223 5287 stri-

259 5321 351 5370 curata
363 5308 425 5362 fuit·
445 5303 477 5360 (2
489 5300 548 5355 W·
1298 5302 1391 5365 stopie.
1407 5299 1504 5353 Ionas.
2204 5312 2207 5317 ·

228 5406 256 5471 ip
274 5401 332 5454 imo
344 5390 522 5456 coniunctio,
538 5385 596 5443 sid.
610 5404 654 5458 cp.
670 5384 697 5438 d.
709 5383 752 5439 15.
765 5383 853 5455 April.
872 5401 953 5455 supra
969 5401 996 5454 p.
1009 5383 1067 5437 171.
1264 5381 1294 5451 4)
1312 5382 1469 5439 Ratisbons.
