4522 5752
239 200 309 290 ss„
417 156 422 161 ’
795 189 1234 275 uass-nonanun

1288 193 1399 275 mu.
1430 197 1538 275 Vlll.
1587 198 1722 281 last.

336 370 524 443 Pensatum
540 378 592 441 'est
605 368 694 439 adeo
705 367 961 457 voluntarium,
982 378 1035 456 ut,
1055 368 1086 441 si
1099 368 1236 441 nonsit
1282 366 1457 445 Statuum
1483 384 1565 445 nero
1584 368 1830 470 Augustanus
1853 376 2108 477 consessionis.
2123 375 2250 449 nomin

243 474 501 554 voluntarium,
525 494 601 543 non
615 470 661 540 sit
675 483 866 563 peccatum.

342 646 384 739 2)
418 642 602 714 Praeterea
630 652 665 711 et
690 640 786 734 quod
815 640 937 712 eadem
960 643 1079 714 radice
1100 655 1234 737 pugnat

242 750 383 823 nullum
406 747 613 816 mandatum
638 742 742 814 debet
766 744 861 833 dari,
899 744 970 814 nisi
993 746 1153 817 debono
1177 747 1234 816 vel

241 854 337 923 malo
360 846 589 937 contingenti.
641 842 681 917 Si
703 859 820 916 autem
841 841 910 916 hoc
932 848 1235 940 concupiscentiae

243 966 423 1048 peccatum
444 962 532 1021 esset
552 948 592 1015 in
614 947 721 1016 nobis
740 949 993 1035 necessarium,
1019 950 1159 1020 nullum
1175 974 1235 1020 sn-

244 1082 307 1149 per
321 1080 361 1124 eo
378 1055 500 1123 clatum
516 1050 637 1119 suisset
651 1052 870 1125 mandatum.
922 1048 986 1120 Vis
1000 1052 1150 1122 rationis
1164 1067 1237 1122 tra-

243 1159 342 1230 ditur
371 1178 435 1247 per
456 1150 696 1243 Augustinum
730 1153 791 1223 lib.
817 1154 850 1225 1.
881 1154 925 1221 de
949 1152 1110 1223 doctrina
1130 1149 1237 1224 Chri-

244 1260 366 1331 stiana.
416 1252 464 1325 Et
486 1256 583 1347 quod
607 1252 681 1345 ipsc
706 1267 855 1324 testatur
878 1256 922 1323 de
943 1258 1053 1347 gratia
1070 1273 1104 1328 et
1122 1257 1236 1326 libero

244 1360 401 1432 arbitrio.
460 1354 631 1426 Mandata
653 1353 722 1426 Dei
745 1380 819 1425 non
849 1358 1057 1448 prodessent
1085 1355 1237 1444 homini,

244 1464 326 1533 siin
341 1457 398 1532 his
415 1483 489 1529 non
504 1454 651 1528 haberet
667 1457 820 1529 liberum
838 1459 1037 1533 arbitrium.

347 1630 390 1725 8)
422 1626 579 1701 Cuilibet
600 1652 741 1722 quoque
765 1625 969 1701 Christiano
992 1644 1128 1703 constat
1156 1654 1237 1701 eum

245 1738 374 1807 debere
389 1730 619 1803 conformiter
632 1752 734 1818 agere
755 1732 949 1825 praeceptis
968 1734 1119 1819 divinis,
1146 1734 1238 1803 alio-

246 1838 309 1932 qui
341 1859 415 1905 non
444 1833 574 1925 poterit
601 1833 740 1925 assequi
768 1835 878 1904 vitam
909 1848 1099 1906 aeternam.
1159 1832 1238 1904 Hoc

247 1941 343 2033 qnod
360 1934 580 2025 Augustinus
596 1935 767 2006 adsumsit
782 1939 825 2003 de
841 1934 978 2027 Spiritu
993 1951 1028 2007 et
1042 1938 1156 2007 litera.
1189 1932 1240 2007 Et

246 2036 410 2111 Christus
434 2037 510 2127 ipse
535 2049 699 2107 testatur:
751 2037 793 2108 Si
815 2038 869 2107 vis
894 2038 933 2107 in
950 2039 1059 2109 vitam
1088 2038 1238 2127 ingredi,

246 2165 347 2213 serva
367 2141 546 2213 mandata.
602 2137 642 2210 si
666 2139 747 2232 quis
769 2140 863 2207 enim
886 2143 1051 2213 mandata
1072 2139 1140 2213 Dei
1163 2164 1238 2209 non

248 2243 456 2324 servaverit,
488 2240 752 2310 maledictiones
775 2263 880 2331 super
903 2266 984 2312 cum
1009 2244 1171 2324 venient¹
1194 2244 1239 2313 de

249 2346 379 2440 quibus
401 2345 437 2412 in
460 2340 752 2415 Deuteronomio.
797 2338 855 2413 Ad
880 2343 945 2415 ista
965 2367 1047 2434 ergo
1068 2346 1240 2415 inconve-

248 2448 385 2517 nientia
413 2445 556 2513 vitanda
582 2444 692 2513 satius
720 2456 771 2512 est
801 2443 875 2513 rim
901 2459 935 2515 et
957 2446 1146 2516 efficaciam
1167 2444 1240 2517 Ba-

248 2548 368 2640 ptismi
398 2569 602 2636 agnoscere,
635 2546 800 2615 meritum
824 2541 960 2617 Christi
991 2548 1030 2616 in
1056 2547 1239 2641 Baptismo

248 2650 382 2741 agentis
396 2643 516 2717 multis
531 2647 697 2717 laudibus
713 2648 895 2742 prosequi,
927 2649 1167 2720 innocentiam
1182 2651 1241 2718 in-

249 2750 401 2822 fantium
424 2762 502 2841 post
523 2746 746 2840 Baptismnm
774 2773 848 2819 non
877 2751 1021 2823 saevitia
1053 2753 1241 2847 plusquam

249 2852 451 2923 Herodiano
467 2852 651 2944 persequi,
702 2852 763 2920 sed
782 2849 858 2923 Deo
877 2854 1006 2943 gratias
1025 2877 1146 2944 agere,
1179 2854 1242 2948 qui

251 2955 369 3048 pateris
391 2953 631 3023 innocentiam
652 2953 816 3026 restituit.
867 2951 915 3024 Et
937 2979 1004 3025 nos
1023 2955 1154 3041 adulti,
1179 2956 1243 3049 qui

250 3078 434 3149 perperam
460 3078 561 3145 saepe
586 3054 888 3153 concupiscentiae
912 3058 1062 3127 tentanti
1093 3080 1244 3127 consen-

251 3161 377 3229 tientes
404 3156 527 3225 divino
549 3156 739 3247 implorato
761 3156 894 3226 auxilio
917 3159 1055 3229 fortiter
1076 3161 1243 3231 tentatio·

252 3262 358 3331 nibus
381 3258 599 3343 resistentes,
631 3281 651 3327 a
674 3255 750 3329 Deo
776 3253 924 3350 Optimo
949 3260 1107 3331 Maximo
1132 3262 1171 3330 in
1185 3286 1243 3332 ae-

251 3378 350 3433 terna
364 3359 582 3431 beatitudine
600 3383 822 3430 coronemur.

350 3528 448 3599 Haec
468 3531 517 3602 ita
537 3530 636 3601 volui
657 3530 817 3615 adferre,
840 3543 881 3600 ut
895 3533 1092 3604 venerabili
1107 3529 1153 3610 D.
1168 3535 1244 3605 col·

164 3686 170 3695 .
253 3632 405 3703 locuturi
421 3632 674 3715 satisfacerem,
707 3645 741 3701 et
754 3635 1027 3725 superadderem
1041 3659 1183 3731 quoque
1198 3638 1243 3706 ad

256 3732 346 3803 hanc
366 3734 548 3803 materiam
579 3732 812 3823 pertinentia,
850 3758 979 3825 rogans
1007 3738 1113 3807 etiam
1141 3751 1245 3832 atque

255 3836 379 3919 etiam,
410 3849 453 3904 nt
466 3835 655 3906 formulam
671 3834 879 3905 concordiae
899 3838 1002 3908 nobis
1023 3840 1245 3911 tolerabilem

255 3932 372 4007 adhuc
392 3960 471 4005 cum
493 3938 660 4007 iratribus
674 3936 746 4007 suis
760 3953 937 4029 acceptare
953 3941 1055 4025 velit,
1087 3967 1159 4035 quo
1178 3967 1246 4034 pax

257 4042 293 4107 in
309 4035 477 4108 Ecclesiis
495 4036 708 4109 Germaniae
725 4038 764 4106 in
783 4040 1063 4111 aedificationem
1084 4044 1247 4116 subdito-

172 4192 178 4205 .
256 4165 336 4211 rum
353 4141 502 4211 feliciter
517 4141 657 4221 redeat,
684 4140 733 4210 ita
750 4165 885 4234 precor.

282 4388 457 4487 Sequente
474 4380 532 4455 die
550 4380 749 4472 dominico,
780 4383 942 4459 videlicet
958 4393 1016 4465 16.
1033 4388 1223 4480 Ianuarii,

497 4481 590 4557 Ιιοια
612 4486 720 4558 tertia
734 4488 1006 4585 pomeridiana.

358 4636 520 4706 Primum
548 4634 683 4707 Doctor
706 4626 906 4710 Comedus
930 4638 1070 4713 Brenn
1102 4648 1248 4718 nomine

260 4739 554 4839 praesidentium,
595 4740 742 4839 statibus
775 4744 989 4815 confessioni
1021 4743 1249 4837 Augustanae

259 4838 531 4913 adhaerentibus
555 4840 777 4931 significavit,
817 4848 913 4938 quod
934 4844 980 4920 D.
998 4845 1249 4922 Commissario

259 4958 295 5015 et
316 4940 362 5018 D.
382 4939 670 5014 Praesidentibus
694 4943 891 5031 videretur,
925 4953 1115 5039 praeterito
1137 4953 1249 5024 biduo

260 5048 306 5117 de
321 5044 476 5115 secundo
497 5045 726 5113 confessionis
747 5047 896 5119 articulo
918 5053 963 5121 ab
984 5065 1134 5147 utraque
1151 5070 1250 5147 parte

245 5148 344 5235 ¹satis
364 5168 438 5216 esse
462 5146 691 5236 disputatum.
744 5146 827 5219 ldeo
849 5151 931 5221 illos
952 5168 1087 5243 petere,
1119 5170 1162 5227 ut
1182 5158 1251 5251 ipsi

261 5250 374 5321 velint
393 5271 559 5341 supereo
581 5248 730 5320 articulo
751 5252 901 5324 ulterius
918 5256 1072 5351 colloqui
1090 5282 1252 5349 superse-

261 5354 356 5421 dere.

1496 472 1554 552 D.
1575 470 1837 577 Philip-pus
1864 476 2072 580 respondit..
2155 536 2161 553 .

1382 606 1597 704 Quanquam
1620 610 1766 703 cupiant
1786 610 1945 685 Domino
1962 610 2221 687 commissario
2254 651 2261 674 ··

1282 706 1449 781 Dominis
1464 710 1754 785 Praesidentibus
1769 716 1974 806 gratificari,
2007 716 2212 789 existiment
2228 730 2260 787 ta

1283 836 1367 883 men
1382 838 1456 884 rem
1473 836 1547 883 esse
1570 817 1763 886 admodum
1784 839 1941 909 gravem,
1973 841 2050 890 non
2074 820 2121 889 ad
2147 840 2207 904 ea,
2247 851 2253 880 ι

1285 916 1415 1009 quibos
1438 911 1517 986 heri
1537 918 1607 987 sint
1629 920 1802 1004 accusati,
1840 921 2065 1013 respondere.
2127 918 2260 1014 ldeoqn

1285 1032 1419 1110 petere,
1444 1033 1495 1104 ut,
1520 1022 1617 1113 quod
1633 1019 1672 1087 in
1688 1015 1894 1092 huiusmodi
1909 1023 2022 1093 causis
2037 1026 2081 1095 sit
2097 1024 2234 1093 usitato

1285 1120 1391 1191 etiam
1411 1120 1497 1211 ipsis
1510 1123 1735 1203 concedatur,
1760 1124 1937 1209 videlicet,
1961 1136 2012 1211 ut,
2037 1125 2182 1219 quoties
2199 1125 2252 1193 dic

1285 1237 1402 1308 actor,
1426 1223 1529 1294 toties
1544 1224 1712 1294 audiatur
1727 1248 1821 1300 reus.

1383 1350 1443 1425 Ad
1466 1350 1552 1425 haec
1573 1356 1688 1427 iussus
1709 1371 1761 1429 est
1781 1359 2059 1451 praesidentium
2074 1356 2214 1433 Orator
2252 1395 2261 1422 ι

1285 1458 1478 1547 spondere,
1520 1459 1616 1551 quod
1646 1458 1727 1529 licet
1753 1460 1837 1531 satis
1869 1462 1913 1532 sit
1938 1464 1983 1534 ab
2006 1476 2161 1557 utraque
2184 1486 2228 1557 pa

1286 1583 1393 1649 super
1417 1561 1571 1630 secundo
1596 1560 1745 1631 articulo
1770 1562 2004 1650 collocutum,
2042 1566 2140 1635 nolle
2165 1576 2256 1637 tame

1285 1659 1484 1731 Dominum
1506 1659 1797 1733 Commissarinm
1821 1678 1855 1735 et
1876 1664 2052 1737 Dominus
2070 1666 2239 1738 Praeside

1287 1777 1337 1833 tes
1353 1764 1511 1854 ipsorum
1527 1765 1735 1855 petitionem
1752 1767 1936 1858 denegare.
1984 1768 2056 1841 Sed
2071 1770 2141 1853 ita,
2169 1781 2208 1840 ut
2226 1770 2259 1839 al

1287 1866 1356 1935 teri
1370 1864 1464 1957 parti
1480 1866 1694 1956 posteriores
1708 1868 1852 1937 dicendi
1866 1883 1982 1960 partes
2001 1883 2207 1957 serventur,

1286 1970 1383 2060 quod
1398 1964 1583 2037 Confessio
1599 1981 1633 2038 et
1647 1967 1842 2061 Apologia,
1863 1973 1909 2043 ab
1926 1972 2011 2065 ipsis
2027 1974 2188 2059 oblatae,
2212 1973 2242 2043 si

1286 2070 1362 2141 vice
1377 2069 1513 2160 primae
1527 2071 1791 2164 propositionis.

1388 2200 1549 2289 Adiecit,
1581 2219 1700 2296 petere
1722 2203 1768 2279 D.
1783 2202 2075 2279 Commissarinm
2097 2224 2133 2281 et
2155 2206 2250 2282 Dour

1287 2332 1355 2378 nos
1375 2306 1633 2392 praesidentes,
1674 2322 1716 2377 ut
1736 2331 1917 2379 sermones
1942 2312 2114 2405 mriuque
2141 2335 2211 2383 con
2253 2345 2257 2375 ι

1287 2407 1436 2493 bantur,
1461 2432 1507 2477 ne
1521 2409 1673 2500 spatium
1688 2410 1796 2480 nnius
1812 2406 1920 2481 horae
1932 2415 2113 2488 excedant.

1389 2539 1466 2613 Sub
1481 2539 1567 2626 ista,
1591 2538 1635 2612 D.
1648 2536 1838 2635 Philippus
1853 2544 2029 2617 dictorum
2043 2557 2202 2617 statuum
2220 2570 2260 2617 n·

1289 2644 1385 2714 mine
1401 2642 1531 2733 gratias
1546 2643 1617 2733 agit
1630 2639 1787 2715 Domino
1802 2642 2052 2719 Commissario
2068 2660 2104 2719 et
2116 2646 2254 2719 Domin

1288 2745 1598 2831 Praesidentibus,
1639 2746 1863 2841 ostenditque
1888 2771 1962 2821 esse
1982 2750 2159 2845 quaedam
2180 2772 2198 2821 s
2236 2785 2261 2812 ιι

1290 2848 1378 2919 ιίοιί
1395 2848 1453 2917 die
1470 2846 1563 2917 dicta
1579 2848 1623 2917 ab
1642 2848 1852 2919 adversariis
1868 2851 2039 2933 atrocius,
2061 2852 2203 2923 ¹deinde
2233 2905 2236 2916 .
2252 2887 2259 2914 ι

1291 2954 1395 3021 ducta
1410 2950 1516 3019 etiam
1539 2965 1745 3040 argumenta
1769 2953 1961 3045 quaedam,
1992 2954 2124 3047 quibus
2146 2950 2261 3025 nece'

1291 3054 1337 3125 sit
1351 3053 1574 3143 respondere.
1624 3050 1732 3121 Petiit
1748 3055 1872 3138 etiam,
1904 3068 1947 3126 ut
1962 3044 2110 3127 cuilibet
2127 3056 2174 3127 ab
2188 3056 2260 3149 ips·

1292 3179 1372 3224 rum
1401 3167 1500 3245 parte
1522 3155 1566 3223 ad
1589 3148 1658 3223 hoe
1679 3152 1909 3249 Colloqnium
1931 3160 2119 3249 deputato,
2159 3184 2227 3251 pro

1293 3258 1409 3326 dicere
1430 3257 1585 3340 volenti,
1614 3256 1705 3326 sicut
1724 3270 1826 3327 antea
1848 3281 2054 3331 concessum
2077 3273 2186 3345 esset,
2211 3284 2259 3331 no

1292 3360 1537 3447 denegaretur.

1389 3484 1481 3561 Item
1496 3488 1611 3559 videri
1625 3488 1730 3581 ipsis,
1746 3508 1836 3561 'cnm
1850 3492 2045 3565 adversarii
2056 3494 2216 3587 primurn
2231 3496 2255 3565 d

1293 3614 1371 3661 cere
1394 3604 1606 3682 coeperunt,
1640 3616 1700 3663 eos
1721 3615 1795 3662 esse
1821 3607 1967 3671 actores.
2022 3594 2117 3667 Nam
2136 3596 2261 3669 Coni-

1292 3693 1430 3763 sionem
1445 3706 1481 3763 et
1494 3691 1707 3785 Apologiam
1721 3695 1858 3768 oblatas
1869 3720 1943 3767 esse
1958 3699 2163 3781 materiam,
2196 3700 2229 3771 ci
2257 3737 2261 3760 ·

1294 3819 1401 3890 quam
1418 3789 1505 3865 baec
1524 3819 1628 3866 causa
1651 3810 1822 3871 versetur.
1873 3796 1996 3887 Quare
2013 3815 2196 3893 postremo
2235 3835 2261 3864 ιι

1294 3897 1375 3967 nuit
1390 3920 1542 3989 aequum
1557 3920 1650 3983 esse,
1682 3912 1723 3968 nt
1739 3898 1843 3991 ipsis,
1876 3923 1952 3970 non
1968 3903 2199 3992 adversariis,
2235 3937 2261 3967 ιι

1294 4014 1443 4070 stremae
1460 4000 1602 4068 dicendi
1618 4014 1734 4092 partes
1749 4001 2051 4092 permitterentur.

1397 4127 1532 4203 Orator
1560 4132 1837 4223 praesidentium
1868 4135 2037 4222 subiecit,
2074 4138 2193 4209 videri
2230 4147 2240 4199 t

1295 4234 1395 4305 mino
1426 4232 1679 4305 Commissario
1722 4249 1756 4305 et
1792 4233 1958 4307 Dominis
1989 4236 2255 4313 Praesidentib·

1296 4338 1393 4433 quod
1420 4337 1467 4407 ad
1493 4337 1779 4407 continuandum
1800 4351 1834 4409 et
1856 4340 2147 4413 concludendum
2169 4340 2261 4415 cult·

1296 4440 1422 4533 quium
1437 4462 1542 4530 super
1560 4438 1628 4510 isto
1643 4452 1775 4530 puncto
1801 4439 1960 4511 iacienda
1979 4442 2115 4514 sitiam
2133 4446 2181 4515 ab
2194 4458 2234 4517 ut

1297 4566 1365 4635 que
1382 4555 1482 4632 parte
1498 4542 1703 4615 conclusio:

1398 4672 1446 4748 Et
1468 4676 1566 4769 quod
1590 4678 1636 4744 ad
1658 4676 1747 4745 alios
1767 4674 1936 4747 articulos
1957 4676 2171 4771 pertineret,
2204 4681 2260 4749 vel

1299 4778 1578 4849 dominationem
1601 4776 1712 4868 ipsius
1735 4802 1816 4849 cum
1829 4775 2122 4879 Praesidentibus
2141 4784 2261 4854 erasti:

1298 4880 1376 4950 luce
1392 4904 1490 4951 snam
1506 4878 1684 4950 declarare
1700 4880 1921 4953 sententiam.
1962 4976 1968 4987 Ι

1522 5119 1731 5225 Responsio
1753 5124 1862 5197 tertia
1884 5088 2068 5229 Pitttppt.
2169 5108 2176 5117 ’

1402 5260 1475 5331 Nec
1488 5259 1671 5352 prolixitas
1686 5255 1871 5332 hesternae
1888 5264 2079 5352 orationis,
2106 5290 2177 5339 nee
2193 5290 2258 5339 cau

1253 5430 1256 5435 .
1302 5362 1395 5455 ipsa,
1428 5365 1466 5433 in
1483 5388 1551 5457 qua
1570 5357 1664 5432 nihil
1685 5377 1736 5434 est
1754 5364 1931 5455 perplexi,
1963 5365 2210 5441 difficultatem
2231 5392 2251 5441 a
