4522 5752
115 204 197 287 sss
293 268 300 277 .
528 258 532 265 .
604 272 608 283 .
702 186 1575 315 rrrsronanunoscharam.
2084 188 2162 289 aaa

119 366 289 475 possitad
304 366 581 471 resipiscentiam
599 389 634 446 et
647 372 975 447 timoremDomini.
1005 369 1116 445 Octa·
1169 386 1242 444 tnr:
1269 388 1303 445 et
1317 376 1552 448 communicet
1567 382 1648 450 'cum
1669 379 1731 466 iis,
1755 383 1818 474 qui
1839 383 1879 452 in
1901 381 2079 457 similibus
2100 408 2157 453 ar-

119 508 182 553 va:
216 476 370 551 Articuli
394 480 512 564 tidei„
529 474 650 547 deceni
672 488 874 569 praecepta,
904 476 1019 547 oratio
1039 472 1116 545 Do-
1166 477 1340 565 gumentis
1359 501 1395 544 se
1411 495 1589 566 exercent;
1610 482 1695 551 satis
1711 484 1805 553 enim
1820 485 1886 554 otii
1903 481 2057 556 habebit.
2088 482 2158 556 Ubi

116 584 271 668 minica,
310 582 467 673 primurn
490 581 609 650 locum
634 572 789 649 habeant
810 577 850 649 in
872 576 1114 657 concionibus,
1166 576 1504 651 dominusZebaoth
1527 605 1723 653 successum
1747 586 1901 670 dederit,
1933 600 1973 657 ut
1995 587 2034 655 in
2056 601 2159 657 vetu-

116 708 188 781 qua
203 686 248 755 de
263 674 477 753 reLutheri
487 702 602 750 sermo
624 674 684 749 die
697 668 925 775 Herrprsdig
941 678 1114 751 meminit.
1164 693 1234 748 stas
1259 676 1481 769 Hungariae,
1510 678 1701 765 Thraciae,
1733 682 1902 757 Graeciae
1928 684 2158 758 bibliothecas

116 788 242 859 Nona:
283 781 376 855 Cum
397 782 568 853 exercitus
597 781 739 873 imperii
767 775 904 853 Bodas
936 793 999 852 aut
1026 779 1113 849 alib'i
1162 781 1343 867 venerint,
1368 793 1472 874 atque
1496 785 1584 853 adeo
1608 787 1644 855 in
1664 783 2034 879 Constantinopolim,
2057 803 2157 860 curet

115 886 340 971 confluxerit,
363 872 792 979 concionatorGasparus
806 905 844 952 se
859 876 1113 972 iungatEvan-
1163 884 1277 953 modis
1295 882 1464 953 omnibns
1485 908 1529 953 ne
1544 886 1686 975 optimis
1703 888 1804 958 libris
1829 891 1999 960 damnum
2024 890 2156 961 infera-

115 988 241 1083 gelicis
273 986 600 1067 concionatoribus,
643 1007 733 1079 quos
758 979 965 1055 hauddubie
992 978 1113 1067 Saxo,
1162 995 1235 1052 tur:
1275 984 1315 1051 in
1338 1006 1426 1076 quos
1449 984 1583 1078 alioqui
1604 988 1756 1058 stolidus
1783 990 1884 1059 miles
1915 991 1991 1061 sine
2022 991 2157 1061 iudicio

114 1082 408 1183 Lundgrovius,
432 1087 544 1158 etalii
558 1085 737 1178 principer
754 1100 800 1155 'ac
822 1085 1003 1157 civitatum
1025 1106 1110 1176 pro·
1162 1084 1293 1153 saevire
1307 1085 1405 1153 solet.
1431 1088 1532 1156 cuius
1550 1088 1600 1156 rei
1618 1089 1796 1178 ingentem
1813 1091 1983 1161 iacturam
1999 1093 2037 1160 in
2061 1093 2155 1161 sedi-

114 1206 284 1266 testantes
298 1214 378 1261 cum
394 1190 468 1258 suis
484 1190 636 1261 mittent.
676 1185 769 1258 Cum
783 1187 828 1254 iis
843 1186 989 1277 placide,
1009 1208 1112 1254 man·
1162 1186 1258 1254 tione
1273 1185 1506 1273 agricolarum
1517 1185 1574 1280 (in
1583 1184 1647 1277 der
1657 1183 1829 1288 Anfruhr
1844 1186 2085 1289 derBauren)
2096 1207 2154 1264 tu-

114 1308 216 1367 suete
236 1306 272 1365 et
290 1293 449 1360 modeste
473 1299 718 1374 conversetur,
754 1287 930 1381 colloquia
954 1287 1110 1372 misceat,
1161 1286 1204 1355 lit
1225 1299 1346 1355 nostra
1371 1283 1576 1358 Germania.
1625 1288 1891 1365 Decimatertia:
1919 1296 2061 1365 tandem
2078 1320 2153 1365 non

113 1420 208 1492 quae
231 1396 282 1464 ad·
302 1391 580 1463 aedificationem
602 1390 754 1461 iaciunt:
788 1389 980 1460 acuriosis
1002 1411 1110 1482 qnae·
1160 1387 1389 1458 obliviscatur
1407 1384 1452 1458 D.
1467 1380 1662 1487 Carporus
1684 1394 1769 1464 dicti
1787 1382 1986 1481 Ambrosii,
2012 1396 2075 1490 qni
2094 1396 2153 1465 di·
2188 1470 2192 1475 ,

112 1496 295 1570 stionibns
323 1494 515 1578 abstineat,
556 1516 601 1560 ne
629 1514 759 1560 nomen
786 1504 925 1561 nostrae
958 1489 1110 1560 civitatis
1159 1489 1224 1559 cit:
1256 1485 1387 1559 Dolere
1407 1500 1549 1581 potero,
1581 1494 1665 1563 llere
1691 1509 1835 1586 potero,
1868 1518 2005 1585 gemere
2026 1510 2152 1587 potero
2185 1564 2188 1569 ,

111 1610 263 1692 propter
276 1595 393 1689 ipsum
417 1594 508 1663 male
531 1592 662 1665 audiat.
711 1591 834 1686 Neque
858 1591 903 1659 sit
923 1592 1110 1683 immemor
1158 1592 1325 1661 adversus
1339 1613 1455 1676 arma,
1480 1593 1612 1665 milites
1620 1648 1630 1680 ,
1657 1590 1822 1669 Gottbos.
1847 1591 2047 1691 lachrymae
2060 1624 2152 1689 quo-

112 1698 278 1784 articuli,
316 1720 420 1789 quem
447 1694 590 1764 comitia
614 1692 795 1785 Spirensis
816 1705 1032 1778 statuerunt,
1051 1692 1109 1783 ,de
1157 1706 1226 1785 que
1248 1714 1346 1761 meae
1365 1716 1461 1762 arma
1487 1708 1581 1770 sunt.
1607 1696 1692 1765 talia
1713 1697 1808 1765 enim
1831 1696 2152 1789 munimentasnu't

113 1798 427 1875 concionatoribus
450 1795 772 1889 utriusquepartis.
832 1792 951 1883 Quid,
984 1792 1108 1886 quovis
1156 1794 1393 1864 sacerdotum:
1426 1793 1623 1875 aliter-nou
1644 1797 1776 1881 debeo,
1811 1822 1874 1867 nec
1898 1824 2038 1890 possum
2061 1801 2151 1869 resi-

114 1920 276 1995 tempore
292 1912 421 1969 etcum
437 1898 574 1983 fructu,
607 1918 647 1965 ac
667 1894 761 1988 apud
784 1918 873 1989 qnos
902 1895 1005 1966 aliter
1031 1893 1107 1963 fieri
1156 1907 1258 1969 stare.
1313 1891 1493 1964 Dominus
1523 1898 1699 1969 custodiat
1731 1899 1918 1970 introitum
1951 1914 1986 1971 et
2008 1900 2155 1989 exitum,

113 2005 228 2099 possit
241 2026 282 2075 ac
295 2000 439 2085 debeat,
463 1998 732 2073 animadvertet.
771 2052 776 2065 .
1156 1990 1285 2069 Arnen.
1336 1990 1566 2085 Argentinae.

1256 2116 1632 2221 D.CosporusHedio
1645 2131 1868 2224 subscripsit:
1892 2129 1941 2202 Et
1955 2126 2151 2205 Gerbelius

1257 2240 1420 2321 precatur
1438 2230 1503 2301 tibi
1519 2230 1758 2302 felicissimam
1769 2234 2037 2327 prosectionem.

191 2184 247 2251 De
264 2202 368 2247 coeno
387 2180 569 2247 Dominica
590 2182 627 2242 in
649 2176 743 2243 delio·
754 2174 1034 2271 administrando.

216 2302 376 2374 Decima:
403 2325 569 2391 magnum
592 2313 643 2370 est
658 2295 793 2371 Christi
813 2322 918 2368 carne
932 2295 1047 2389 pasci,
1072 2306 1107 2364 et

111 2403 249 2479 Christi
267 2403 437 2493 sanguine
452 2402 584 2494 potari:
608 2402 692 2470 item
707 2402 751 2470 ad
765 2396 851 2470 haec
865 2422 961 2470 sacra
976 2410 1107 2492 myste-
1155 2468 1163 2481 ,

113 2510 188 2594 ria,
222 2529 303 2577 curo
327 2505 441 2574 solnm
465 2503 639 2595 purificati
661 2503 812 2571 debeant
831 2499 989 2584 admitti,
1022 2520 1106 2567 cau-

114 2610 252 2683 tissime
267 2605 620 2697 circumspiciendum
634 2616 706 2687 est,
737 2626 783 2672 ne
806 2602 950 2695 quosvis
967 2600 1012 2669 ad
1026 2595 1103 2668 Do-
1165 2624 1232 2700 No·
1248 2620 1362 2700 2493·
1616 2676 1619 2681 ,
1840 2568 2124 2720 24·p1,fi(p,‚,:p)
2190 2664 2193 2669 -

113 2711 283 2781 miricam
297 2731 455 2778 mensam
471 2705 633 2777 admittat
647 2704 798 2775 intanta
812 2702 966 2775 colluvie
985 2696 1103 2771 homi·
1153 2718 1363 2754 Μ
1664 2733 1666 2737 ,
1814 2730 2148 2785 ὢν

113 2836 227 2896 num,
253 2834 300 2881 ne
319 2821 478 2879 sanctum
499 2809 602 2877 detur
631 2806 797 2886 canibus,
836 2819 872 2876 et
896 2802 1104 2893 margaritae
1452 2825 1511 2914 Ch
1541 2828 1570 2911 h
1615 2826 1848 2914 Pannonia

115 2912 350 3005 pmiieianrur
363 2923 445 2979 ante
458 2930 595 3000 porcos.
646 2908 687 2979 si
707 2908 798 2977 forte
816 2905 1001 2977 condictus
1022 2926 1104 2973 curn
1510 2856 1539 2939 Ρ
1574 2889 1585 2911 ’

116 3015 236 3087 Turca
249 3006 432 3083 habendus
453 3023 523 3096 est,
547 3009 673 3093 instet,
696 3019 738 3078 ut
759 3008 873 3100 parati
898 3006 969 3077 sint
991 3002 1104 3074 animi
1253 3004 1400 3078 Epistttb.
1414 3004 1449 3061 v·
1467 3004 1612 3080 pttssq.

113 3116 251 3209 aliquot
262 3112 493 3185 concionibus
505 3112 552 3181 ad
566 3134 689 3181 verum
703 3132 808 3180 usum
833 3130 961 3179 coenae
977 3104 1104 3176 Domi·
1256 3162 1264 3181 ,
2096 3162 2105 3179 .

113 3219 227 3289 nicee.
283 3212 366 3285 Non
388 3237 472 3283 vero
493 3212 726 3282 admittantur
748 3210 950 3303 promiscue
973 3208 1018 3277 ad
1040 3230 1104 3277 eu·
1152 3157 1241 3237 Chr
1247 3156 1465 3264 ⁸⁸¹⁰Ph⁰f
1471 3186 1494 3234 ⁰
1518 3155 1558 3232 P
1561 3185 1770 3233 “mm
1821 3158 2149 3293 (F'⁰'{‘⁰J'‘’'d²‘⁸⁶
2195 3220 2198 3225 ·

112 3314 337 3399 charistiam,
360 3313 431 3383 nisi
446 3315 490 3383 de
506 3336 657 3406 quorum
673 3313 742 3381 fide
757 3312 797 3381 in
821 3311 982 3381 doctrina
996 3304 1103 3380 Chri·
1195 3326 1199 3335 ·
1519 3259 1576 3334 “d
1592 3256 1789 3360 ommi·
2138 3292 2144 3299 '

109 3421 155 3491 sti
177 3431 215 3489 et
233 3418 303 3487 lide
317 3428 468 3486 constet:
494 3415 555 3507 qui
571 3414 668 3483 enim
683 3414 830 3502 indigne
843 3423 1008 3495 sumunt,
1034 3409 1103 3479 sibi
1151 3378 1195 3470 S·
1221 3393 1266 3473 D.
1314 3391 1529 3468 Charissime
1545 3381 1820 3491 Christophore.
1872 3394 2002 3481 Vides,
2028 3396 2146 3489 qnalis

110 3519 298 3615 proprium
312 3516 485 3586 iudicium
501 3528 694 3588 accersunt.
741 3512 792 3585 Et
813 3508 1032 3583 inhonorant
1045 3532 1103 3579 sa-
1151 3500 1198 3570 sit
1211 3493 1399 3567 hominnm
1414 3496 1508 3580 vita,
1533 3520 1638 3589 quam
1659 3512 1880 3570 aerumnosa.
1929 3494 2008 3567 Etsi
2026 3510 2145 3566 autem

110 3631 352 3703 crumentum,
377 3641 451 3687 non
469 3630 607 3686 tantum
623 3615 770 3705 indigne
788 3616 1012 3696 accedentes,
1041 3612 1102 3681 sed
1151 3622 1295 3694 prorsus
1323 3623 1366 3670 ex
1389 3597 1519 3668 animis
1539 3596 1619 3667 eiici
1642 3596 1784 3668 dolores
1808 3622 1884 3668 non
1902 3612 2069 3690 possunt,
2102 3623 2145 3668 ac

111 3738 149 3795 et
163 3721 310 3811 indigne
335 3718 650 3789 administrantes..
681 3714 752 3785 llic
774 3740 859 3786 vero
882 3736 971 3807 opus
995 3712 1104 3783 inerit
1151 3700 1341 3794 superbum
1365 3700 1528 3784 videtur,
1563 3722 1638 3767 non
1664 3697 1755 3767 velle
1781 3724 2004 3769 communem
2031 3700 2144 3789 legem

109 3822 267 3913 simplici
282 3819 489 3911 prudentia,
513 3832 548 3888 et
563 3816 976 3909 prudentisimplicitate.
1023 3808 1103 3885 dli·
1151 3803 1242 3896 pati,
1266 3797 1474 3871 hominibus
1488 3799 1688 3891 impositam
1706 3798 1751 3868 de
1775 3801 1897 3871 multis
1920 3802 2027 3871 rebus
2044 3800 2146 3870 duris

111 3940 168 3997 ter
181 3936 299 3995 autem
313 3922 489 4011 agendum
502 3932 554 3989 est
567 3942 647 3988 cnm
659 3918 809 3987 rudibus
824 3930 860 3988 et
881 3942 962 3987 cum
983 3915 1103 4004 vulgo,
1149 3904 1315 3988 ferendis,
1340 3916 1459 3975 tamen
1473 3900 1647 3971 leniamus
1661 3900 1764 3969 nobis
1778 3902 1989 3974 moestitiam
2007 3902 2146 3971 medio-

110 4025 218 4099 sliter
246 4046 329 4094 curn
358 4023 402 4091 iis
428 4019 551 4112 quiin
574 4019 644 4088 fide
676 4014 811 4090 Christi
842 4016 976 4089 eruditi
1008 4028 1103 4089 sunt.
1151 4005 1269 4075 eribus
1287 4003 1423 4075 officiis.
1471 3997 1550 4090 Ego
1570 4001 1607 4070 in
1625 4000 1736 4070 literis
1750 4000 1821 4071 tuis
1834 4022 1937 4095 saepe
1949 4002 2144 4095 acquiesco,

108 4125 326 4201 Undecima:
351 4138 392 4193 ut
406 4122 572 4191 decorum
586 4143 690 4189 suum
702 4132 816 4191 servet
826 4120 989 4188 minister
1002 4116 1104 4197 verbi
1150 4106 1287 4198 tibique
1308 4104 1455 4194 gratiam
1476 4096 1590 4172 babeo
1612 4115 1684 4172 tam
1706 4116 1867 4173 amanter
1888 4117 1923 4174 et
1938 4103 2041 4174 toties
2054 4104 2146 4172 scri-'

112 4242 150 4300 et
173 4250 300 4320 praeco
323 4221 529 4311 Evangelii:
571 4243 612 4289 ac
632 4233 673 4290 ut
695 4221 744 4290 ita
766 4221 894 4290 maiori
917 4218 1103 4289 autoritate
1151 4206 1263 4278 beuti.
1312 4202 1487 4275 Fortassis
1507 4201 1791 4293 etReipublicae
1810 4200 1979 4273 nonnihil
2003 4207 2140 4275 condu-

81 4402 84 4407 .
109 4329 285 4403 habeatnr
304 4326 394 4416 apud
420 4322 594 4391 insulsum
616 4322 783 4407 militem,
807 4316 899 4390 nihil
923 4332 1001 4410 agat
1022 4318 1102 4387 vul·
1151 4310 1198 4380 cit
1210 4305 1405 4377 multorum
1420 4305 1533 4374 nostri
1547 4304 1684 4373 ordinis
1699 4304 1902 4375 coniunctio
1919 4318 1953 4375 et
1974 4306 2141 4405 amicitia.

109 4432 250 4525 garinm
269 4440 330 4497 aut
350 4424 575 4495 sordidorum
598 4423 813 4507 officiorum,
838 4424 936 4491 unde
958 4442 995 4488 se
1016 4441 1102 4489 con-
1151 4386 1311 4490 Gaudeo,
1332 4406 1410 4475 istic
1426 4419 1601 4475 certamen
1611 4400 1866 4493 'l‘heologicum
1880 4408 2038 4475 sedatum
2055 4429 2142 4491 esse,

103 4514 261 4625 'temptui
278 4539 444 4618 exponat:
470 4523 539 4592 nisi
558 4546 694 4591 summa
714 4522 917 4608 necessitas,
937 4544 1027 4615 quae
1050 4520 1101 4588 le-
1148 4508 1223 4580 Nos
1238 4508 1307 4577 alia
1322 4531 1364 4576 ex
1378 4505 1457 4576 aliis
1471 4507 1514 4575 ad
1529 4506 1599 4575 fata
1620 4529 1804 4587 vocamur,
1827 4519 1866 4575 ut
1889 4505 2008 4600 inquit
2021 4504 2141 4583 Poeta.

110 4660 189 4728 gem
211 4655 286 4701 non
311 4623 436 4711 habet,
468 4636 642 4715 exposcat.
707 4620 909 4694 Habebitur
936 4622 1032 4691 enim
1062 4622 1099 4691 in
1149 4609 1310 4683 Subinde
1332 4608 1486 4678 existunt
1507 4602 1678 4703 ἀφορμαὶ
1701 4606 1929 4676 dissidiorum
1954 4608 1993 4677 in
2018 4609 2143 4679 multis

112 4736 226 4831 pretio
259 4757 279 4802 a
309 4726 516 4820 capitaneis,
559 4723 757 4795 vexillifero
788 4738 823 4797 er
858 4726 992 4815 legato,
1029 4722 1101 4792 nisi
1148 4712 1246 4805 locis.
1295 4707 1350 4779 De
1370 4708 1500 4802 quibus
1519 4731 1598 4777 cum
1617 4708 1661 4776 ad
1676 4732 1732 4777 me
1745 4709 1907 4799 querelae
1922 4710 2142 4796 deferuntur,

108 4844 257 4934 ipsemet
270 4856 307 4902 se
321 4826 429 4899 nihili
443 4827 557 4898 saciat·
1149 4836 1226 4883 sum
1240 4806 1402 4882 hortator
1415 4809 1633 4893 sanioribus,
1656 4822 1698 4880 ut
1710 4809 1861 4896 faciant,
1885 4813 1980 4904 quod
2003 4834 2066 4901 ego
2086 4812 2141 4881 fa·

1148 4914 1222 4999 cio,
1245 4908 1314 4982 hoc
1336 4923 1406 4998 est,
1430 4910 1608 5001 sapienter
1625 4909 1848 4982 dissimulent
1869 4912 2037 4996 iniurias,
2062 4935 2139 4982 cas-

434 5008 490 5075 D⁶
509 5004 652 5072 limt't'fl
674 5002 763 5070 Mil·
1148 5038 1218 5108 que
1230 5012 1393 5104 publicae
1407 5010 1658 5107 tranquillitati
1678 5013 1895 5095 condonent.
1943 5011 2038 5101 Quia
2058 5028 2139 5084 tan-

210 5132 445 5207 Duodeeima:
483 5130 579 5221 qnod
607 5129 652 5197 ad
682 5125 960 5215 consignandam
988 5122 1099 5195 futuri
1147 5120 1226 5185 dem
1242 5129 1360 5185 tamen
1374 5111 1485 5185 vincit
1499 5111 1646 5198 veritas,
1671 5127 1706 5183 et
1721 5107 1884 5191 homines
1899 5108 2139 5205 Philosophos

83 5240 194 5315 belli
219 5235 362 5307 Turcici
393 5227 576 5301 historiam
604 5228 746 5309 attinet,
778 5240 878 5318 paret
897 5225 1098 5316 capellanus
1147 5219 1245 5287 decet
1259 5215 1467 5288 moderatio·
1517 5211 1587 5284 Sed
1603 5208 1689 5283 haee
1705 5214 1802 5287 allas.
1853 5213 1963 5285 Mitto
1985 5215 2052 5283 tibi
2075 5238 2140 5307 pa·

104 5342 239 5423 diaria,
264 5351 298 5407 et
314 5334 494 5423 consignet
508 5330 676 5425 quicquid
697 5329 845 5418 singulis
868 5328 994 5397 diebus
1018 5348 1098 5416 age-
1146 5319 1252 5410 gellas
1285 5318 1557 5412 qualescunque.
1616 5312 1708 5385 Nam
1740 5316 1827 5387 alias
1860 5339 1957 5387 nunc
1986 5339 2061 5389 non
2091 5318 2136 5387 ad
