<?xml version="1.0" encoding="UTF-8"?>
<!DOCTYPE html PUBLIC "-//W3C//DTD XHTML 1.0 Transitional//EN"
    "http://www.w3.org/TR/xhtml1/DTD/xhtml1-transitional.dtd">
<html xmlns="http://www.w3.org/1999/xhtml" xml:lang="en" lang="en">
 <head>
  <title>
</title>
<meta http-equiv="Content-Type" content="text/html;charset=utf-8" />
  <meta name='ocr-system' content='tesseract 3.04.00' />
  <meta name='ocr-capabilities' content='ocr_page ocr_carea ocr_par ocr_line ocrx_word'/>
</head>
<body>
  <div class='ocr_page' id='page_1' title='image "./corpusreformato08melagoog/corpusreformato08melagoog_0252.png"; bbox 0 0 4522 5752; ppageno 0'>
   <div class='ocr_carea' id='block_1_1' title="bbox 103 176 2172 339">
    <p class='ocr_par' dir='ltr' id='par_1_1' title="bbox 103 176 2172 339">
     <span class='ocr_line' id='line_1_1' title="bbox 103 176 2172 339; baseline -0.005 -40"><span class='ocrx_word' id='word_1_1' title='bbox 103 218 184 299; x_wconf 85' lang='grc' dir='ltr'>ιιι</span> <span class='ocrx_word' id='word_1_2' title='bbox 677 206 1114 295; x_wconf 81' lang='grc' dir='ltr'>ιιιιιοιιιιιιι</span> <span class='ocrx_word' id='word_1_3' title='bbox 1161 208 1274 288; x_wconf 78' lang='lat' dir='ltr'>nen</span> <span class='ocrx_word' id='word_1_4' title='bbox 1297 208 1401 291; x_wconf 84' lang='grc' dir='ltr'>ιιι</span> <span class='ocrx_word' id='word_1_5' title='bbox 1453 206 1598 319; x_wconf 77' lang='grc' dir='ltr'>ιιιι</span> <span class='ocrx_word' id='word_1_6' title='bbox 1800 226 1805 231; x_wconf 94' lang='grc'><em>·</em></span> <span class='ocrx_word' id='word_1_7' title='bbox 1847 326 1854 339; x_wconf 83' lang='lat'>.</span> <span class='ocrx_word' id='word_1_8' title='bbox 2076 176 2172 289; x_wconf 74' lang='grc' dir='ltr'>ιιι</span> 
     </span>
    </p>
   </div>
   <div class='ocr_carea' id='block_1_2' title="bbox 93 368 2241 5370">
    <p class='ocr_par' dir='ltr' id='par_1_2' title="bbox 93 368 2241 5370">
     <span class='ocr_line' id='line_1_2' title="bbox 105 368 2151 482; baseline -0.003 -19"><span class='ocrx_word' id='word_1_9' title='bbox 105 388 225 463; x_wconf 74' lang='lat' dir='ltr'>velint</span> <span class='ocrx_word' id='word_1_10' title='bbox 250 389 395 463; x_wconf 81' lang='lat' dir='ltr'>veritati</span> <span class='ocrx_word' id='word_1_11' title='bbox 418 403 738 482; x_wconf 75' lang='lat' dir='ltr'>rerumgestarum</span> <span class='ocrx_word' id='word_1_12' title='bbox 761 389 1003 462; x_wconf 83' lang='lat' dir='ltr'>testimonium</span> <span class='ocrx_word' id='word_1_13' title='bbox 1025 410 1110 480; x_wconf 82' lang='lat' dir='ltr'>per-</span> <span class='ocrx_word' id='word_1_14' title='bbox 1153 370 1304 457; x_wconf 83' lang='lat' dir='ltr'>forsan</span> <span class='ocrx_word' id='word_1_15' title='bbox 1292 396 1427 481; x_wconf 77' lang='lat' dir='ltr'>impetu</span> <span class='ocrx_word' id='word_1_16' title='bbox 1441 368 1554 477; x_wconf 83' lang='lat' dir='ltr'>magis</span> <span class='ocrx_word' id='word_1_17' title='bbox 1570 382 1681 457; x_wconf 87' lang='lat' dir='ltr'>animi</span> <span class='ocrx_word' id='word_1_18' title='bbox 1698 408 1812 479; x_wconf 90' lang='lat' dir='ltr'>qnam</span> <span class='ocrx_word' id='word_1_19' title='bbox 1826 397 1921 456; x_wconf 88' lang='lat' dir='ltr'>certo</span> <span class='ocrx_word' id='word_1_20' title='bbox 1940 380 2075 461; x_wconf 87' lang='lat' dir='ltr'>iudicio</span> <span class='ocrx_word' id='word_1_21' title='bbox 2098 385 2151 457; x_wconf 88' lang='lat' dir='ltr'>ef·</span> 
     </span>
     <span class='ocr_line' id='line_1_3' title="bbox 103 482 2241 588; baseline -0.004 -21"><span class='ocrx_word' id='word_1_22' title='bbox 103 490 246 567; x_wconf 67' lang='lat' dir='ltr'>hasne</span> <span class='ocrx_word' id='word_1_23' title='bbox 295 490 485 565; x_wconf 76' lang='lat' dir='ltr'>Noverunt</span> <span class='ocrx_word' id='word_1_24' title='bbox 505 494 607 579; x_wconf 89' lang='lat' dir='ltr'>illae,</span> <span class='ocrx_word' id='word_1_25' title='bbox 639 516 712 588; x_wconf 93' lang='lat' dir='ltr'>quo</span> <span class='ocrx_word' id='word_1_26' title='bbox 736 507 839 585; x_wconf 91' lang='lat' dir='ltr'>pacto</span> <span class='ocrx_word' id='word_1_27' title='bbox 861 516 928 563; x_wconf 91' lang='lat' dir='ltr'>nos</span> <span class='ocrx_word' id='word_1_28' title='bbox 952 493 997 561; x_wconf 88' lang='lat' dir='ltr'>ad</span> <span class='ocrx_word' id='word_1_29' title='bbox 1016 484 1109 560; x_wconf 87' lang='lat' dir='ltr'>hane</span> <span class='ocrx_word' id='word_1_30' title='bbox 1155 489 1306 575; x_wconf 88' lang='lat' dir='ltr'>fuderit,</span> <span class='ocrx_word' id='word_1_31' title='bbox 1343 489 1586 581; x_wconf 74' lang='lat' dir='ltr'>comperimus</span> <span class='ocrx_word' id='word_1_32' title='bbox 1601 502 1740 574; x_wconf 80' lang='lat' dir='ltr'>tamen,</span> <span class='ocrx_word' id='word_1_33' title='bbox 1755 484 1876 559; x_wconf 72' lang='lat' dir='ltr'>&#39;illum</span> <span class='ocrx_word' id='word_1_34' title='bbox 1896 482 1964 557; x_wconf 87' lang='lat' dir='ltr'>hae</span> <span class='ocrx_word' id='word_1_35' title='bbox 1986 509 2050 557; x_wconf 89' lang='lat' dir='ltr'>sua</span> <span class='ocrx_word' id='word_1_36' title='bbox 2069 508 2152 580; x_wconf 81' lang='lat' dir='ltr'>sug·</span> <span class='ocrx_word' id='word_1_37' title='bbox 2234 510 2241 517; x_wconf 93' lang='lat'><em>·</em></span> 
     </span>
     <span class='ocr_line' id='line_1_4' title="bbox 103 586 2152 693; baseline -0.003 -26"><span class='ocrx_word' id='word_1_38' title='bbox 103 594 334 693; x_wconf 56' lang='lat' dir='ltr'>marineium</span> <span class='ocrx_word' id='word_1_39' title='bbox 358 594 463 666; x_wconf 93' lang='lat' dir='ltr'>initio</span> <span class='ocrx_word' id='word_1_40' title='bbox 485 595 601 668; x_wconf 87' lang='lat' dir='ltr'>vocati</span> <span class='ocrx_word' id='word_1_41' title='bbox 621 596 743 670; x_wconf 87' lang='lat' dir='ltr'>simus.</span> <span class='ocrx_word' id='word_1_42' title='bbox 790 592 917 689; x_wconf 84' lang='lat' dir='ltr'>Neque</span> <span class='ocrx_word' id='word_1_43' title='bbox 932 593 1045 679; x_wconf 88' lang='lat' dir='ltr'>enim,</span> <span class='ocrx_word' id='word_1_44' title='bbox 1067 604 1110 663; x_wconf 91' lang='lat' dir='ltr'>ut</span> <span class='ocrx_word' id='word_1_45' title='bbox 1157 593 1313 683; x_wconf 86' lang='lat' dir='ltr'>gestione</span> <span class='ocrx_word' id='word_1_46' title='bbox 1338 591 1502 678; x_wconf 72' lang='lat' dir='ltr'>evicisse,</span> <span class='ocrx_word' id='word_1_47' title='bbox 1539 604 1581 663; x_wconf 90' lang='grc' dir='ltr'>ιιι</span> <span class='ocrx_word' id='word_1_48' title='bbox 1613 592 1653 660; x_wconf 93' lang='lat' dir='ltr'>in</span> <span class='ocrx_word' id='word_1_49' title='bbox 1683 591 1810 684; x_wconf 91' lang='lat' dir='ltr'>primis</span> <span class='ocrx_word' id='word_1_50' title='bbox 1834 591 1889 661; x_wconf 87' lang='lat' dir='ltr'>sni</span> <span class='ocrx_word' id='word_1_51' title='bbox 1914 586 2152 661; x_wconf 83' lang='lat' dir='ltr'>Illustrissirni</span> 
     </span>
     <span class='ocr_line' id='line_1_5' title="bbox 105 690 2231 788; baseline -0.005 -17"><span class='ocrx_word' id='word_1_52' title='bbox 105 698 227 786; x_wconf 78' lang='lat' dir='ltr'>sciris,</span> <span class='ocrx_word' id='word_1_53' title='bbox 256 697 468 788; x_wconf 72' lang='lat' dir='ltr'>ingessimus</span> <span class='ocrx_word' id='word_1_54' title='bbox 489 720 556 767; x_wconf 90' lang='lat' dir='ltr'>nos</span> <span class='ocrx_word' id='word_1_55' title='bbox 577 698 691 784; x_wconf 90' lang='lat' dir='ltr'>ultro,</span> <span class='ocrx_word' id='word_1_56' title='bbox 727 698 787 769; x_wconf 91' lang='lat' dir='ltr'>sed</span> <span class='ocrx_word' id='word_1_57' title='bbox 811 698 875 768; x_wconf 91' lang='lat' dir='ltr'>diu</span> <span class='ocrx_word' id='word_1_58' title='bbox 899 694 1110 787; x_wconf 90' lang='lat' dir='ltr'>ineptitudi-</span> <span class='ocrx_word' id='word_1_59' title='bbox 1156 695 1340 787; x_wconf 75' lang='lat' dir='ltr'>Principes</span> <span class='ocrx_word' id='word_1_60' title='bbox 1356 692 1504 779; x_wconf 86' lang='lat' dir='ltr'>Bavari,</span> <span class='ocrx_word' id='word_1_61' title='bbox 1539 708 1574 765; x_wconf 88' lang='lat' dir='ltr'>et</span> <span class='ocrx_word' id='word_1_62' title='bbox 1595 717 1660 785; x_wconf 92' lang='lat' dir='ltr'>per</span> <span class='ocrx_word' id='word_1_63' title='bbox 1681 690 1747 764; x_wconf 96' lang='lat' dir='ltr'>hos</span> <span class='ocrx_word' id='word_1_64' title='bbox 1765 694 1928 787; x_wconf 83' lang='lat' dir='ltr'>plerique</span> <span class='ocrx_word' id='word_1_65' title='bbox 1948 692 2013 761; x_wconf 92' lang='lat' dir='ltr'>alii</span> <span class='ocrx_word' id='word_1_66' title='bbox 2030 691 2119 763; x_wconf 83' lang='lat' dir='ltr'>ad</span> <span class='ocrx_word' id='word_1_67' title='bbox 2090 714 2152 778; x_wconf 80' lang='lat' dir='ltr'>sac,</span> <span class='ocrx_word' id='word_1_68' title='bbox 2228 772 2231 781; x_wconf 33' lang='grc' dir='ltr'>Ι</span> 
     </span>
     <span class='ocr_line' id='line_1_6' title="bbox 106 795 2152 913; baseline -0.004 -40"><span class='ocrx_word' id='word_1_69' title='bbox 106 824 196 873; x_wconf 86' lang='lat' dir='ltr'>nem</span> <span class='ocrx_word' id='word_1_70' title='bbox 216 813 395 885; x_wconf 84' lang='lat' dir='ltr'>nostram,</span> <span class='ocrx_word' id='word_1_71' title='bbox 433 824 515 869; x_wconf 90' lang='lat' dir='ltr'>cnm</span> <span class='ocrx_word' id='word_1_72' title='bbox 545 802 641 893; x_wconf 91' lang='lat' dir='ltr'>apud</span> <span class='ocrx_word' id='word_1_73' title='bbox 666 813 870 870; x_wconf 88' lang='lat' dir='ltr'>nostrorum</span> <span class='ocrx_word' id='word_1_74' title='bbox 890 799 1110 889; x_wconf 81' lang='lat' dir='ltr'>Principum,</span> <span class='ocrx_word' id='word_1_75' title='bbox 1155 808 1209 889; x_wconf 86' lang='grc' dir='ltr'>ιιι</span> <span class='ocrx_word' id='word_1_76' title='bbox 1219 799 1283 867; x_wconf 91' lang='lat' dir='ltr'>ille</span> <span class='ocrx_word' id='word_1_77' title='bbox 1305 796 1430 882; x_wconf 90' lang='lat' dir='ltr'>vellet,</span> <span class='ocrx_word' id='word_1_78' title='bbox 1468 796 1691 867; x_wconf 88' lang='lat' dir='ltr'>sentiendum</span> <span class='ocrx_word' id='word_1_79' title='bbox 1715 795 1786 867; x_wconf 91' lang='lat' dir='ltr'>sint</span> <span class='ocrx_word' id='word_1_80' title='bbox 1809 795 2003 913; x_wconf 78' lang='lat' dir='ltr'>persuasi,</span> <span class='ocrx_word' id='word_1_81' title='bbox 2019 808 2055 865; x_wconf 89' lang='lat' dir='ltr'>et</span> <span class='ocrx_word' id='word_1_82' title='bbox 2074 814 2152 865; x_wconf 87' lang='lat' dir='ltr'>nott</span> 
     </span>
     <span class='ocr_line' id='line_1_7' title="bbox 106 892 2152 993; baseline -0.004 -18"><span class='ocrx_word' id='word_1_83' title='bbox 106 898 318 975; x_wconf 76' lang='lat' dir='ltr'>Electornm</span> <span class='ocrx_word' id='word_1_84' title='bbox 332 900 483 990; x_wconf 81' lang='lat' dir='ltr'>Legatos</span> <span class='ocrx_word' id='word_1_85' title='bbox 500 913 537 972; x_wconf 91' lang='lat' dir='ltr'>et</span> <span class='ocrx_word' id='word_1_86' title='bbox 549 900 798 983; x_wconf 87' lang='lat' dir='ltr'>Consiliarios,</span> <span class='ocrx_word' id='word_1_87' title='bbox 830 914 907 971; x_wconf 89' lang='lat' dir='ltr'>tum</span> <span class='ocrx_word' id='word_1_88' title='bbox 924 902 1019 993; x_wconf 93' lang='lat' dir='ltr'>apud</span> <span class='ocrx_word' id='word_1_89' title='bbox 1036 897 1109 969; x_wconf 90' lang='lat' dir='ltr'>lm·</span> <span class='ocrx_word' id='word_1_90' title='bbox 1155 900 1314 993; x_wconf 84' lang='lat' dir='ltr'>persuasi</span> <span class='ocrx_word' id='word_1_91' title='bbox 1329 911 1469 970; x_wconf 90' lang='lat' dir='ltr'>tantum</span> <span class='ocrx_word' id='word_1_92' title='bbox 1483 900 1578 991; x_wconf 91' lang='lat' dir='ltr'>quod</span> <span class='ocrx_word' id='word_1_93' title='bbox 1593 900 1638 967; x_wconf 94' lang='lat' dir='ltr'>ad</span> <span class='ocrx_word' id='word_1_94' title='bbox 1655 920 1691 967; x_wconf 93' lang='lat' dir='ltr'>se</span> <span class='ocrx_word' id='word_1_95' title='bbox 1704 899 1846 984; x_wconf 81' lang='lat' dir='ltr'>attinet,</span> <span class='ocrx_word' id='word_1_96' title='bbox 1879 898 1939 967; x_wconf 91' lang='lat' dir='ltr'>sed</span> <span class='ocrx_word' id='word_1_97' title='bbox 1956 895 2063 967; x_wconf 90' lang='lat' dir='ltr'>etiam</span> <span class='ocrx_word' id='word_1_98' title='bbox 2079 892 2152 967; x_wconf 86' lang='lat' dir='ltr'>hue</span> 
     </span>
     <span class='ocr_line' id='line_1_8' title="bbox 109 994 2153 1099; baseline -0.004 -24"><span class='ocrx_word' id='word_1_99' title='bbox 109 1002 330 1099; x_wconf 69' lang='lat' dir='ltr'>paratoriam</span> <span class='ocrx_word' id='word_1_100' title='bbox 348 1001 572 1075; x_wconf 89' lang='lat' dir='ltr'>Maiestatem</span> <span class='ocrx_word' id='word_1_101' title='bbox 594 1006 855 1089; x_wconf 81' lang='lat' dir='ltr'>excusavimus,</span> <span class='ocrx_word' id='word_1_102' title='bbox 885 1017 920 1075; x_wconf 91' lang='lat' dir='ltr'>et</span> <span class='ocrx_word' id='word_1_103' title='bbox 944 1002 1109 1073; x_wconf 86' lang='lat' dir='ltr'>obtestati</span> <span class='ocrx_word' id='word_1_104' title='bbox 1158 1001 1311 1086; x_wconf 89' lang='lat' dir='ltr'>adducti,</span> <span class='ocrx_word' id='word_1_105' title='bbox 1336 1014 1377 1071; x_wconf 91' lang='lat' dir='ltr'>ut</span> <span class='ocrx_word' id='word_1_106' title='bbox 1391 998 1574 1070; x_wconf 81' lang='lat' dir='ltr'>caesariae</span> <span class='ocrx_word' id='word_1_107' title='bbox 1589 1025 1730 1094; x_wconf 90' lang='lat' dir='ltr'>qnoque</span> <span class='ocrx_word' id='word_1_108' title='bbox 1743 998 1923 1070; x_wconf 90' lang='lat' dir='ltr'>Maiestati</span> <span class='ocrx_word' id='word_1_109' title='bbox 1940 994 2037 1085; x_wconf 90' lang='lat' dir='ltr'>haec,</span> <span class='ocrx_word' id='word_1_110' title='bbox 2061 1020 2153 1091; x_wconf 87' lang='lat' dir='ltr'>quae</span> 
     </span>
     <span class='ocr_line' id='line_1_9' title="bbox 93 1100 2152 1195; baseline -0.002 -17"><span class='ocrx_word' id='word_1_111' title='bbox 93 1130 251 1190; x_wconf 66' lang='lat' dir='ltr'>sumus,</span> <span class='ocrx_word' id='word_1_112' title='bbox 284 1117 326 1175; x_wconf 92' lang='lat' dir='ltr'>ut</span> <span class='ocrx_word' id='word_1_113' title='bbox 348 1100 436 1175; x_wconf 91' lang='lat' dir='ltr'>haec</span> <span class='ocrx_word' id='word_1_114' title='bbox 458 1107 595 1175; x_wconf 84' lang='lat' dir='ltr'>sarcina</span> <span class='ocrx_word' id='word_1_115' title='bbox 618 1106 787 1176; x_wconf 91' lang='lat' dir='ltr'>iumentis</span> <span class='ocrx_word' id='word_1_116' title='bbox 809 1119 907 1176; x_wconf 92' lang='lat' dir='ltr'>tanto</span> <span class='ocrx_word' id='word_1_117' title='bbox 933 1105 1034 1175; x_wconf 89' lang='lat' dir='ltr'>oneri</span> <span class='ocrx_word' id='word_1_118' title='bbox 1056 1103 1109 1172; x_wconf 93' lang='lat' dir='ltr'>fe-</span> <span class='ocrx_word' id='word_1_119' title='bbox 1157 1100 1294 1175; x_wconf 82' lang='lat' dir='ltr'>Eccius</span> <span class='ocrx_word' id='word_1_120' title='bbox 1311 1103 1483 1187; x_wconf 81' lang='lat' dir='ltr'>effutivit,</span> <span class='ocrx_word' id='word_1_121' title='bbox 1514 1126 1620 1195; x_wconf 92' lang='lat' dir='ltr'>quam</span> <span class='ocrx_word' id='word_1_122' title='bbox 1641 1101 1793 1171; x_wconf 82' lang='lat' dir='ltr'>maxime</span> <span class='ocrx_word' id='word_1_123' title='bbox 1813 1102 2006 1194; x_wconf 90' lang='lat' dir='ltr'>approbata</span> <span class='ocrx_word' id='word_1_124' title='bbox 2026 1100 2152 1173; x_wconf 85' lang='lat' dir='ltr'>velint.</span> 
     </span>
     <span class='ocr_line' id='line_1_10' title="bbox 109 1202 2152 1299; baseline -0.004 -20"><span class='ocrx_word' id='word_1_125' title='bbox 109 1210 227 1280; x_wconf 81' lang='lat' dir='ltr'>recido</span> <span class='ocrx_word' id='word_1_126' title='bbox 240 1206 440 1299; x_wconf 88' lang='lat' dir='ltr'>aptioribus</span> <span class='ocrx_word' id='word_1_127' title='bbox 455 1207 709 1299; x_wconf 87' lang='lat' dir='ltr'>imponeretur.</span> <span class='ocrx_word' id='word_1_128' title='bbox 760 1206 850 1293; x_wconf 89' lang='lat' dir='ltr'>Sed,</span> <span class='ocrx_word' id='word_1_129' title='bbox 875 1219 918 1276; x_wconf 91' lang='lat' dir='ltr'>ut</span> <span class='ocrx_word' id='word_1_130' title='bbox 932 1216 1111 1276; x_wconf 90' lang='lat' dir='ltr'>noverunt</span> <span class='ocrx_word' id='word_1_131' title='bbox 1157 1205 1228 1278; x_wconf 90' lang='lat' dir='ltr'>Sed</span> <span class='ocrx_word' id='word_1_132' title='bbox 1244 1202 1313 1276; x_wconf 89' lang='lat' dir='ltr'>hoc</span> <span class='ocrx_word' id='word_1_133' title='bbox 1324 1228 1400 1274; x_wconf 92' lang='lat' dir='ltr'>uuo</span> <span class='ocrx_word' id='word_1_134' title='bbox 1418 1228 1485 1273; x_wconf 93' lang='lat' dir='ltr'>nos</span> <span class='ocrx_word' id='word_1_135' title='bbox 1499 1204 1640 1274; x_wconf 87' lang='lat' dir='ltr'>foelices</span> <span class='ocrx_word' id='word_1_136' title='bbox 1655 1204 1870 1291; x_wconf 89' lang='lat' dir='ltr'>iudicamus,</span> <span class='ocrx_word' id='word_1_137' title='bbox 1900 1204 1997 1296; x_wconf 93' lang='lat' dir='ltr'>quod</span> <span class='ocrx_word' id='word_1_138' title='bbox 2013 1225 2077 1271; x_wconf 87' lang='lat' dir='ltr'>vos</span> <span class='ocrx_word' id='word_1_139' title='bbox 2092 1224 2152 1271; x_wconf 88' lang='lat' dir='ltr'>re·</span> 
     </span>
     <span class='ocr_line' id='line_1_11' title="bbox 109 1299 2152 1402; baseline -0.005 -19"><span class='ocrx_word' id='word_1_140' title='bbox 109 1310 351 1402; x_wconf 87' lang='lat' dir='ltr'>amplissimae</span> <span class='ocrx_word' id='word_1_141' title='bbox 366 1307 639 1381; x_wconf 92' lang='lat' dir='ltr'>Dominationes</span> <span class='ocrx_word' id='word_1_142' title='bbox 654 1324 805 1394; x_wconf 88' lang='lat' dir='ltr'>vestrae,</span> <span class='ocrx_word' id='word_1_143' title='bbox 830 1309 946 1380; x_wconf 91' lang='lat' dir='ltr'>auditi</span> <span class='ocrx_word' id='word_1_144' title='bbox 960 1332 1035 1378; x_wconf 91' lang='lat' dir='ltr'>non</span> <span class='ocrx_word' id='word_1_145' title='bbox 1049 1331 1110 1377; x_wconf 89' lang='lat' dir='ltr'>su·</span> <span class='ocrx_word' id='word_1_146' title='bbox 1156 1310 1225 1380; x_wconf 92' lang='lat' dir='ltr'>bns</span> <span class='ocrx_word' id='word_1_147' title='bbox 1242 1307 1408 1378; x_wconf 91' lang='lat' dir='ltr'>omnibus</span> <span class='ocrx_word' id='word_1_148' title='bbox 1431 1306 1593 1376; x_wconf 79' lang='lat' dir='ltr'>adfuistis</span> <span class='ocrx_word' id='word_1_149' title='bbox 1615 1319 1842 1396; x_wconf 85' lang='lat' dir='ltr'>spectatores,</span> <span class='ocrx_word' id='word_1_150' title='bbox 1876 1305 1971 1398; x_wconf 93' lang='lat' dir='ltr'>quod</span> <span class='ocrx_word' id='word_1_151' title='bbox 1996 1299 2088 1373; x_wconf 90' lang='lat' dir='ltr'>nihil</span> <span class='ocrx_word' id='word_1_152' title='bbox 2111 1302 2152 1372; x_wconf 91' lang='lat' dir='ltr'>in</span> 
     </span>
     <span class='ocr_line' id='line_1_12' title="bbox 109 1404 2152 1531; baseline -0.005 -46"><span class='ocrx_word' id='word_1_153' title='bbox 109 1434 209 1498; x_wconf 86' lang='lat' dir='ltr'>mus,</span> <span class='ocrx_word' id='word_1_154' title='bbox 233 1411 406 1531; x_wconf 87' lang='lat' dir='ltr'>protracti</span> <span class='ocrx_word' id='word_1_155' title='bbox 424 1423 459 1481; x_wconf 87' lang='lat' dir='ltr'>et</span> <span class='ocrx_word' id='word_1_156' title='bbox 473 1411 620 1483; x_wconf 81' lang='lat' dir='ltr'>adacti</span> <span class='ocrx_word' id='word_1_157' title='bbox 609 1436 648 1480; x_wconf 90' lang='grc' dir='ltr'>ιιι</span> <span class='ocrx_word' id='word_1_158' title='bbox 670 1407 738 1481; x_wconf 92' lang='lat' dir='ltr'>hoc</span> <span class='ocrx_word' id='word_1_159' title='bbox 761 1433 869 1503; x_wconf 93' lang='lat' dir='ltr'>opus,</span> <span class='ocrx_word' id='word_1_160' title='bbox 898 1412 994 1505; x_wconf 91' lang='lat' dir='ltr'>quod</span> <span class='ocrx_word' id='word_1_161' title='bbox 1021 1411 1109 1480; x_wconf 89' lang='lat' dir='ltr'>alios</span> <span class='ocrx_word' id='word_1_162' title='bbox 1156 1406 1224 1481; x_wconf 91' lang='lat' dir='ltr'>hac</span> <span class='ocrx_word' id='word_1_163' title='bbox 1246 1422 1319 1481; x_wconf 84' lang='lat' dir='ltr'>tota</span> <span class='ocrx_word' id='word_1_164' title='bbox 1342 1432 1445 1479; x_wconf 87' lang='lat' dir='ltr'>cansa</span> <span class='ocrx_word' id='word_1_165' title='bbox 1467 1408 1607 1478; x_wconf 87' lang='lat' dir='ltr'>vobis</span> <span class='ocrx_word' id='word_1_166' title='bbox 1595 1408 1717 1476; x_wconf 83' lang='lat' dir='ltr'>insciis</span> <span class='ocrx_word' id='word_1_167' title='bbox 1741 1421 1860 1477; x_wconf 87' lang='lat' dir='ltr'>actum</span> <span class='ocrx_word' id='word_1_168' title='bbox 1885 1408 1948 1495; x_wconf 91' lang='lat' dir='ltr'>sit,</span> <span class='ocrx_word' id='word_1_169' title='bbox 1988 1404 2152 1499; x_wconf 89' lang='lat' dir='ltr'>quinimo</span> 
     </span>
     <span class='ocr_line' id='line_1_13' title="bbox 110 1506 2150 1607; baseline -0.005 -20"><span class='ocrx_word' id='word_1_170' title='bbox 110 1513 307 1605; x_wconf 78' lang='lat' dir='ltr'>suscepisse</span> <span class='ocrx_word' id='word_1_171' title='bbox 324 1536 549 1604; x_wconf 84' lang='lat' dir='ltr'>cuperemus,</span> <span class='ocrx_word' id='word_1_172' title='bbox 580 1514 643 1607; x_wconf 92' lang='lat' dir='ltr'>qui</span> <span class='ocrx_word' id='word_1_173' title='bbox 666 1514 758 1583; x_wconf 92' lang='lat' dir='ltr'>illud</span> <span class='ocrx_word' id='word_1_174' title='bbox 780 1513 907 1583; x_wconf 90' lang='lat' dir='ltr'>maiori</span> <span class='ocrx_word' id='word_1_175' title='bbox 930 1536 1010 1583; x_wconf 89' lang='lat' dir='ltr'>curn</span> <span class='ocrx_word' id='word_1_176' title='bbox 1032 1513 1110 1582; x_wconf 90' lang='lat' dir='ltr'>fru-</span> <span class='ocrx_word' id='word_1_177' title='bbox 1156 1509 1250 1582; x_wconf 91' lang='lat' dir='ltr'>nibil</span> <span class='ocrx_word' id='word_1_178' title='bbox 1271 1535 1382 1603; x_wconf 90' lang='lat' dir='ltr'>paene</span> <span class='ocrx_word' id='word_1_179' title='bbox 1404 1511 1507 1580; x_wconf 83' lang='lat' dir='ltr'>vobis</span> <span class='ocrx_word' id='word_1_180' title='bbox 1529 1534 1604 1580; x_wconf 92' lang='lat' dir='ltr'>non</span> <span class='ocrx_word' id='word_1_181' title='bbox 1627 1509 1887 1584; x_wconf 85' lang='lat' dir='ltr'>mandantibus.</span> <span class='ocrx_word' id='word_1_182' title='bbox 1947 1506 1988 1579; x_wconf 88' lang='lat' dir='ltr'>Si</span> <span class='ocrx_word' id='word_1_183' title='bbox 2011 1507 2150 1600; x_wconf 85' lang='lat' dir='ltr'>privato</span> 
     </span>
     <span class='ocr_line' id='line_1_14' title="bbox 109 1602 2152 1729; baseline -0.005 -40"><span class='ocrx_word' id='word_1_184' title='bbox 109 1630 174 1689; x_wconf 87' lang='lat' dir='ltr'>ctu</span> <span class='ocrx_word' id='word_1_185' title='bbox 199 1614 384 1685; x_wconf 87' lang='lat' dir='ltr'>absolvere</span> <span class='ocrx_word' id='word_1_186' title='bbox 411 1616 622 1706; x_wconf 85' lang='lat' dir='ltr'>potuissent.</span> <span class='ocrx_word' id='word_1_187' title='bbox 679 1614 784 1685; x_wconf 92' lang='lat' dir='ltr'>Nunc</span> <span class='ocrx_word' id='word_1_188' title='bbox 807 1602 871 1685; x_wconf 90' lang='lat' dir='ltr'>ubi</span> <span class='ocrx_word' id='word_1_189' title='bbox 896 1616 1108 1705; x_wconf 88' lang='lat' dir='ltr'>postulatam</span> <span class='ocrx_word' id='word_1_190' title='bbox 1157 1615 1324 1700; x_wconf 91' lang='lat' dir='ltr'>consilio,</span> <span class='ocrx_word' id='word_1_191' title='bbox 1349 1612 1563 1698; x_wconf 85' lang='lat' dir='ltr'>ambitione,</span> <span class='ocrx_word' id='word_1_192' title='bbox 1594 1634 1655 1682; x_wconf 93' lang='lat' dir='ltr'>sen</span> <span class='ocrx_word' id='word_1_193' title='bbox 1671 1613 1748 1682; x_wconf 93' lang='lat' dir='ltr'>ullo</span> <span class='ocrx_word' id='word_1_194' title='bbox 1768 1612 1894 1681; x_wconf 89' lang='lat' dir='ltr'>affectu</span> <span class='ocrx_word' id='word_1_195' title='bbox 1906 1609 2066 1729; x_wconf 27' lang='lat' dir='ltr'>‘permoti</span> <span class='ocrx_word' id='word_1_196' title='bbox 2085 1632 2152 1678; x_wconf 93' lang='lat' dir='ltr'>nos</span> 
     </span>
     <span class='ocr_line' id='line_1_15' title="bbox 110 1711 2153 1813; baseline -0.004 -24"><span class='ocrx_word' id='word_1_197' title='bbox 110 1716 353 1813; x_wconf 86' lang='lat' dir='ltr'>obedientiam</span> <span class='ocrx_word' id='word_1_198' title='bbox 377 1718 634 1808; x_wconf 85' lang='lat' dir='ltr'>praestitimus,</span> <span class='ocrx_word' id='word_1_199' title='bbox 659 1730 713 1802; x_wconf 90' lang='lat' dir='ltr'>et,</span> <span class='ocrx_word' id='word_1_200' title='bbox 739 1718 863 1809; x_wconf 94' lang='lat' dir='ltr'>quod</span> <span class='ocrx_word' id='word_1_201' title='bbox 853 1741 891 1786; x_wconf 91' lang='lat' dir='ltr'>m</span> <span class='ocrx_word' id='word_1_202' title='bbox 909 1717 1014 1787; x_wconf 91' lang='lat' dir='ltr'>nobis</span> <span class='ocrx_word' id='word_1_203' title='bbox 1030 1716 1110 1800; x_wconf 92' lang='lat' dir='ltr'>fuit,</span> <span class='ocrx_word' id='word_1_204' title='bbox 1157 1718 1196 1786; x_wconf 94' lang='lat' dir='ltr'>in</span> <span class='ocrx_word' id='word_1_205' title='bbox 1215 1713 1308 1787; x_wconf 92' lang='lat' dir='ltr'>hanc</span> <span class='ocrx_word' id='word_1_206' title='bbox 1326 1714 1548 1806; x_wconf 90' lang='lat' dir='ltr'>provinciam</span> <span class='ocrx_word' id='word_1_207' title='bbox 1570 1715 1853 1804; x_wconf 89' lang='lat' dir='ltr'>ingessissemus,</span> <span class='ocrx_word' id='word_1_208' title='bbox 1887 1711 1917 1781; x_wconf 90' lang='lat' dir='ltr'>si</span> <span class='ocrx_word' id='word_1_209' title='bbox 1937 1736 2012 1781; x_wconf 93' lang='lat' dir='ltr'>non</span> <span class='ocrx_word' id='word_1_210' title='bbox 2033 1712 2071 1779; x_wconf 93' lang='lat' dir='ltr'>in</span> <span class='ocrx_word' id='word_1_211' title='bbox 2094 1725 2153 1782; x_wconf 91' lang='lat' dir='ltr'>to-</span> 
     </span>
     <span class='ocr_line' id='line_1_16' title="bbox 110 1812 2215 1938; baseline -0.005 -47"><span class='ocrx_word' id='word_1_212' title='bbox 110 1842 252 1891; x_wconf 86' lang='lat' dir='ltr'>tumma</span> <span class='ocrx_word' id='word_1_213' title='bbox 275 1841 356 1888; x_wconf 90' lang='lat' dir='ltr'>cum</span> <span class='ocrx_word' id='word_1_214' title='bbox 380 1818 448 1887; x_wconf 86' lang='lat' dir='ltr'>lide</span> <span class='ocrx_word' id='word_1_215' title='bbox 463 1831 497 1888; x_wconf 89' lang='lat' dir='ltr'>et</span> <span class='ocrx_word' id='word_1_216' title='bbox 513 1818 715 1889; x_wconf 87' lang='lat' dir='ltr'>sinceritate</span> <span class='ocrx_word' id='word_1_217' title='bbox 729 1815 862 1938; x_wconf 79' lang='lat' dir='ltr'>(Deum</span> <span class='ocrx_word' id='word_1_218' title='bbox 878 1832 912 1889; x_wconf 91' lang='lat' dir='ltr'>et</span> <span class='ocrx_word' id='word_1_219' title='bbox 927 1818 1110 1889; x_wconf 90' lang='lat' dir='ltr'>conscien-</span> <span class='ocrx_word' id='word_1_220' title='bbox 1158 1834 1251 1904; x_wconf 89' lang='lat' dir='ltr'>tum,</span> <span class='ocrx_word' id='word_1_221' title='bbox 1283 1818 1381 1911; x_wconf 93' lang='lat' dir='ltr'>quod</span> <span class='ocrx_word' id='word_1_222' title='bbox 1404 1815 1635 1909; x_wconf 87' lang='lat' dir='ltr'>Imperatoria</span> <span class='ocrx_word' id='word_1_223' title='bbox 1651 1814 1817 1886; x_wconf 89' lang='lat' dir='ltr'>Maiestas</span> <span class='ocrx_word' id='word_1_224' title='bbox 1842 1813 2084 1906; x_wconf 87' lang='lat' dir='ltr'>praescripsit,</span> <span class='ocrx_word' id='word_1_225' title='bbox 2108 1812 2152 1881; x_wconf 75' lang='lat' dir='ltr'>it·</span> <span class='ocrx_word' id='word_1_226' title='bbox 2212 1840 2215 1845; x_wconf 93' lang='lat'>·</span> 
     </span>
     <span class='ocr_line' id='line_1_17' title="bbox 105 1912 2151 2016; baseline -0.005 -22.975"><span class='ocrx_word' id='word_1_227' title='bbox 105 1923 372 1997; x_wconf 83' lang='lat' dir='ltr'>uamnostram</span> <span class='ocrx_word' id='word_1_228' title='bbox 387 1919 572 2016; x_wconf 88' lang='lat' dir='ltr'>testamur)</span> <span class='ocrx_word' id='word_1_229' title='bbox 587 1945 662 1991; x_wconf 92' lang='lat' dir='ltr'>non</span> <span class='ocrx_word' id='word_1_230' title='bbox 676 1944 754 1990; x_wconf 83' lang='lat' dir='ltr'>sine</span> <span class='ocrx_word' id='word_1_231' title='bbox 773 1921 909 2012; x_wconf 83' lang='lat' dir='ltr'>ingenti</span> <span class='ocrx_word' id='word_1_232' title='bbox 932 1921 1053 1992; x_wconf 88' lang='lat' dir='ltr'>labore</span> <span class='ocrx_word' id='word_1_233' title='bbox 1075 1933 1111 1989; x_wconf 91' lang='grc' dir='ltr'>ιι</span> <span class='ocrx_word' id='word_1_234' title='bbox 1158 1921 1285 1991; x_wconf 90' lang='lat' dir='ltr'>deliter</span> <span class='ocrx_word' id='word_1_235' title='bbox 1301 1918 1665 2011; x_wconf 88' lang='lat' dir='ltr'>essemusinsequuti,</span> <span class='ocrx_word' id='word_1_236' title='bbox 1695 1917 1726 1987; x_wconf 92' lang='lat' dir='ltr'>si</span> <span class='ocrx_word' id='word_1_237' title='bbox 1746 1917 1777 1986; x_wconf 90' lang='lat' dir='ltr'>is</span> <span class='ocrx_word' id='word_1_238' title='bbox 1797 1917 1907 2001; x_wconf 90' lang='lat' dir='ltr'>liber,</span> <span class='ocrx_word' id='word_1_239' title='bbox 1940 1912 2151 2010; x_wconf 86' lang='lat' dir='ltr'>quemlmp.</span> 
     </span>
     <span class='ocr_line' id='line_1_18' title="bbox 107 2012 2151 2137; baseline -0.004 -43"><span class='ocrx_word' id='word_1_240' title='bbox 107 2022 320 2113; x_wconf 74' lang='lat' dir='ltr'>fatigatione</span> <span class='ocrx_word' id='word_1_241' title='bbox 340 2022 559 2112; x_wconf 88' lang='lat' dir='ltr'>peregimus,</span> <span class='ocrx_word' id='word_1_242' title='bbox 602 2048 677 2093; x_wconf 90' lang='lat' dir='ltr'>non</span> <span class='ocrx_word' id='word_1_243' title='bbox 705 2024 821 2092; x_wconf 89' lang='lat' dir='ltr'>solum</span> <span class='ocrx_word' id='word_1_244' title='bbox 843 2023 959 2093; x_wconf 91' lang='lat' dir='ltr'>nullas</span> <span class='ocrx_word' id='word_1_245' title='bbox 982 2021 1110 2113; x_wconf 80' lang='lat' dir='ltr'>gratias</span> <span class='ocrx_word' id='word_1_246' title='bbox 1158 2021 1324 2093; x_wconf 87' lang='lat' dir='ltr'>Maiestas</span> <span class='ocrx_word' id='word_1_247' title='bbox 1340 2021 1482 2101; x_wconf 88' lang='lat' dir='ltr'>obtulit,</span> <span class='ocrx_word' id='word_1_248' title='bbox 1505 2018 1596 2118; x_wconf 89' lang='lat' dir='ltr'>(nou</span> <span class='ocrx_word' id='word_1_249' title='bbox 1612 2045 1631 2090; x_wconf 91' lang='lat' dir='ltr'>a</span> <span class='ocrx_word' id='word_1_250' title='bbox 1648 2018 1752 2089; x_wconf 89' lang='lat' dir='ltr'>nohis</span> <span class='ocrx_word' id='word_1_251' title='bbox 1768 2018 1960 2137; x_wconf 77' lang='lat' dir='ltr'>profectus)</span> <span class='ocrx_word' id='word_1_252' title='bbox 1979 2040 2059 2087; x_wconf 91' lang='lat' dir='ltr'>cum</span> <span class='ocrx_word' id='word_1_253' title='bbox 2075 2012 2151 2085; x_wconf 78' lang='lat' dir='ltr'>Eo-</span> 
     </span>
     <span class='ocr_line' id='line_1_19' title="bbox 111 2120 2153 2215; baseline -0.004 -19"><span class='ocrx_word' id='word_1_254' title='bbox 111 2123 319 2210; x_wconf 84' lang='lat' dir='ltr'>referimus,</span> <span class='ocrx_word' id='word_1_255' title='bbox 361 2120 558 2195; x_wconf 86' lang='lat' dir='ltr'>sedetiam</span> <span class='ocrx_word' id='word_1_256' title='bbox 589 2126 694 2215; x_wconf 89' lang='lat' dir='ltr'>plane</span> <span class='ocrx_word' id='word_1_257' title='bbox 718 2126 943 2194; x_wconf 89' lang='lat' dir='ltr'>immerentes</span> <span class='ocrx_word' id='word_1_258' title='bbox 966 2146 1109 2215; x_wconf 90' lang='lat' dir='ltr'>gravem</span> <span class='ocrx_word' id='word_1_259' title='bbox 1159 2122 1213 2194; x_wconf 82' lang='lat' dir='ltr'>cio</span> <span class='ocrx_word' id='word_1_260' title='bbox 1231 2137 1324 2195; x_wconf 88' lang='lat' dir='ltr'>totus</span> <span class='ocrx_word' id='word_1_261' title='bbox 1342 2124 1536 2213; x_wconf 90' lang='lat' dir='ltr'>praelectus</span> <span class='ocrx_word' id='word_1_262' title='bbox 1550 2146 1625 2191; x_wconf 92' lang='lat' dir='ltr'>non</span> <span class='ocrx_word' id='word_1_263' title='bbox 1639 2123 1781 2205; x_wconf 80' lang='lat' dir='ltr'>fuisset</span> <span class='ocrx_word' id='word_1_264' title='bbox 1806 2144 1836 2189; x_wconf 81' lang='lat' dir='ltr'>si</span> <span class='ocrx_word' id='word_1_265' title='bbox 1825 2120 1946 2188; x_wconf 92' lang='lat' dir='ltr'>idem</span> <span class='ocrx_word' id='word_1_266' title='bbox 1963 2140 2153 2189; x_wconf 87' lang='lat' dir='ltr'>asummae</span> 
     </span>
     <span class='ocr_line' id='line_1_20' title="bbox 111 2218 2153 2322; baseline -0.004 -24"><span class='ocrx_word' id='word_1_267' title='bbox 111 2224 330 2313; x_wconf 78' lang='lat' dir='ltr'>calumniam</span> <span class='ocrx_word' id='word_1_268' title='bbox 361 2225 592 2312; x_wconf 89' lang='lat' dir='ltr'>sustinemus,</span> <span class='ocrx_word' id='word_1_269' title='bbox 631 2228 739 2319; x_wconf 90' lang='lat' dir='ltr'>idque</span> <span class='ocrx_word' id='word_1_270' title='bbox 763 2225 842 2322; x_wconf 90' lang='lat' dir='ltr'>(ab)</span> <span class='ocrx_word' id='word_1_271' title='bbox 873 2227 955 2311; x_wconf 92' lang='lat' dir='ltr'>illo,</span> <span class='ocrx_word' id='word_1_272' title='bbox 993 2248 1108 2319; x_wconf 91' lang='lat' dir='ltr'>aquo</span> <span class='ocrx_word' id='word_1_273' title='bbox 1157 2222 1441 2297; x_wconf 87' lang='lat' dir='ltr'>authoritatis</span> <span class='ocrx_word' id='word_1_274' title='bbox 1405 2224 1493 2293; x_wconf 81' lang='lat' dir='ltr'>viris</span> <span class='ocrx_word' id='word_1_275' title='bbox 1515 2222 1663 2321; x_wconf 90' lang='lat' dir='ltr'>(quibus</span> <span class='ocrx_word' id='word_1_276' title='bbox 1678 2246 1752 2293; x_wconf 91' lang='lat' dir='ltr'>non</span> <span class='ocrx_word' id='word_1_277' title='bbox 1769 2222 1947 2291; x_wconf 87' lang='lat' dir='ltr'>immerito</span> <span class='ocrx_word' id='word_1_278' title='bbox 1964 2219 2052 2313; x_wconf 89' lang='lat' dir='ltr'>lmp.</span> <span class='ocrx_word' id='word_1_279' title='bbox 2069 2218 2153 2290; x_wconf 86' lang='lat' dir='ltr'>Ma·-</span> 
     </span>
     <span class='ocr_line' id='line_1_21' title="bbox 111 2319 2178 2422; baseline -0.004 -23"><span class='ocrx_word' id='word_1_280' title='bbox 111 2328 183 2399; x_wconf 87' lang='lat' dir='ltr'>tale</span> <span class='ocrx_word' id='word_1_281' title='bbox 196 2323 292 2399; x_wconf 91' lang='lat' dir='ltr'>nihil</span> <span class='ocrx_word' id='word_1_282' title='bbox 308 2328 474 2419; x_wconf 88' lang='lat' dir='ltr'>suspicati</span> <span class='ocrx_word' id='word_1_283' title='bbox 490 2351 630 2415; x_wconf 89' lang='lat' dir='ltr'>sumus,</span> <span class='ocrx_word' id='word_1_284' title='bbox 664 2344 698 2399; x_wconf 91' lang='lat' dir='ltr'>et</span> <span class='ocrx_word' id='word_1_285' title='bbox 718 2354 823 2422; x_wconf 91' lang='lat' dir='ltr'>quem</span> <span class='ocrx_word' id='word_1_286' title='bbox 847 2324 915 2398; x_wconf 90' lang='lat' dir='ltr'>hoc</span> <span class='ocrx_word' id='word_1_287' title='bbox 932 2328 1046 2399; x_wconf 90' lang='lat' dir='ltr'>facere</span> <span class='ocrx_word' id='word_1_288' title='bbox 1063 2328 1109 2396; x_wconf 95' lang='lat' dir='ltr'>ob</span> <span class='ocrx_word' id='word_1_289' title='bbox 1157 2329 1260 2398; x_wconf 90' lang='lat' dir='ltr'>iestas</span> <span class='ocrx_word' id='word_1_290' title='bbox 1274 2327 1381 2398; x_wconf 90' lang='lat' dir='ltr'>simul</span> <span class='ocrx_word' id='word_1_291' title='bbox 1396 2350 1476 2396; x_wconf 90' lang='lat' dir='ltr'>cum</span> <span class='ocrx_word' id='word_1_292' title='bbox 1498 2326 1653 2416; x_wconf 88' lang='lat' dir='ltr'>ampliss.</span> <span class='ocrx_word' id='word_1_293' title='bbox 1673 2324 1860 2395; x_wconf 91' lang='lat' dir='ltr'>ordinibus</span> <span class='ocrx_word' id='word_1_294' title='bbox 1879 2325 1918 2392; x_wconf 91' lang='lat' dir='ltr'>in</span> <span class='ocrx_word' id='word_1_295' title='bbox 1941 2319 1998 2392; x_wconf 92' lang='lat' dir='ltr'>his</span> <span class='ocrx_word' id='word_1_296' title='bbox 2017 2322 2178 2407; x_wconf 83' lang='lat' dir='ltr'>saltem„</span> 
     </span>
     <span class='ocr_line' id='line_1_22' title="bbox 109 2425 2153 2550; baseline -0.003 -51"><span class='ocrx_word' id='word_1_297' title='bbox 109 2452 241 2549; x_wconf 67' lang='lat' dir='ltr'>graves</span> <span class='ocrx_word' id='word_1_298' title='bbox 263 2442 299 2498; x_wconf 90' lang='lat' dir='ltr'>et</span> <span class='ocrx_word' id='word_1_299' title='bbox 320 2430 449 2501; x_wconf 90' lang='lat' dir='ltr'>multas</span> <span class='ocrx_word' id='word_1_300' title='bbox 474 2452 614 2514; x_wconf 87' lang='lat' dir='ltr'>causas,</span> <span class='ocrx_word' id='word_1_301' title='bbox 649 2431 679 2500; x_wconf 90' lang='lat' dir='ltr'>si</span> <span class='ocrx_word' id='word_1_302' title='bbox 702 2430 756 2501; x_wconf 91' lang='lat' dir='ltr'>sui</span> <span class='ocrx_word' id='word_1_303' title='bbox 775 2430 1015 2517; x_wconf 88' lang='lat' dir='ltr'>meminisset,</span> <span class='ocrx_word' id='word_1_304' title='bbox 1038 2429 1109 2497; x_wconf 90' lang='lat' dir='ltr'>mi·</span> <span class='ocrx_word' id='word_1_305' title='bbox 1159 2455 1248 2550; x_wconf 84' lang='lat' dir='ltr'>quae</span> <span class='ocrx_word' id='word_1_306' title='bbox 1264 2431 1357 2500; x_wconf 90' lang='lat' dir='ltr'>iuter</span> <span class='ocrx_word' id='word_1_307' title='bbox 1372 2452 1439 2498; x_wconf 92' lang='lat' dir='ltr'>nos</span> <span class='ocrx_word' id='word_1_308' title='bbox 1458 2428 1721 2547; x_wconf 90' lang='lat' dir='ltr'>colloquutores</span> <span class='ocrx_word' id='word_1_309' title='bbox 1743 2440 1917 2497; x_wconf 87' lang='lat' dir='ltr'>conventa</span> <span class='ocrx_word' id='word_1_310' title='bbox 1939 2438 2041 2510; x_wconf 91' lang='lat' dir='ltr'>sunt,</span> <span class='ocrx_word' id='word_1_311' title='bbox 2070 2425 2153 2517; x_wconf 92' lang='lat' dir='ltr'>plu-</span> 
     </span>
     <span class='ocr_line' id='line_1_23' title="bbox 111 2527 2153 2648; baseline -0.002 -47"><span class='ocrx_word' id='word_1_312' title='bbox 111 2531 212 2601; x_wconf 84' lang='grc' dir='ltr'>ιιίιιιι</span> <span class='ocrx_word' id='word_1_313' title='bbox 230 2532 382 2603; x_wconf 88' lang='lat' dir='ltr'>deceret.</span> <span class='ocrx_word' id='word_1_314' title='bbox 435 2527 468 2600; x_wconf 90' lang='lat' dir='ltr'>ls</span> <span class='ocrx_word' id='word_1_315' title='bbox 483 2545 535 2602; x_wconf 91' lang='lat' dir='ltr'>est</span> <span class='ocrx_word' id='word_1_316' title='bbox 551 2527 861 2617; x_wconf 83' lang='lat' dir='ltr'>DoctorEclu&#39;us‚</span> <span class='ocrx_word' id='word_1_317' title='bbox 886 2534 1018 2620; x_wconf 83' lang='lat' dir='ltr'>collega</span> <span class='ocrx_word' id='word_1_318' title='bbox 1041 2555 1111 2599; x_wconf 88' lang='lat' dir='ltr'>nu·</span> <span class='ocrx_word' id='word_1_319' title='bbox 1159 2534 1290 2602; x_wconf 82' lang='grc' dir='ltr'>ιίιιιιιιι</span> <span class='ocrx_word' id='word_1_320' title='bbox 1314 2528 1495 2627; x_wconf 88' lang='lat' dir='ltr'>detulerit)</span> <span class='ocrx_word' id='word_1_321' title='bbox 1517 2530 1722 2625; x_wconf 88' lang='lat' dir='ltr'>priusquam</span> <span class='ocrx_word' id='word_1_322' title='bbox 1745 2528 1989 2648; x_wconf 80' lang='lat' dir='ltr'>colloquium</span> <span class='ocrx_word' id='word_1_323' title='bbox 1979 2528 2153 2597; x_wconf 83' lang='lat' dir='ltr'>iniremus</span> 
     </span>
     <span class='ocr_line' id='line_1_24' title="bbox 109 2587 2153 2727; baseline -0.002 -25"><span class='ocrx_word' id='word_1_324' title='bbox 109 2647 332 2725; x_wconf 87' lang='lat' dir='ltr'>pernoster</span> <span class='ocrx_word' id='word_1_325' title='bbox 365 2632 520 2725; x_wconf 89' lang='lat' dir='ltr'>quitum</span> <span class='ocrx_word' id='word_1_326' title='bbox 537 2648 671 2722; x_wconf 88' lang='lat' dir='ltr'>gestum</span> <span class='ocrx_word' id='word_1_327' title='bbox 694 2587 929 2727; x_wconf 90' lang='lat' dir='ltr'>colloquium,</span> <span class='ocrx_word' id='word_1_328' title='bbox 958 2635 1014 2704; x_wconf 92' lang='lat' dir='ltr'>cui</span> <span class='ocrx_word' id='word_1_329' title='bbox 1036 2635 1110 2725; x_wconf 88' lang='lat' dir='ltr'>ipse</span> <span class='ocrx_word' id='word_1_330' title='bbox 1159 2635 1408 2726; x_wconf 89' lang='lat' dir='ltr'>comprobatus</span> <span class='ocrx_word' id='word_1_331' title='bbox 1423 2656 1498 2701; x_wconf 92' lang='lat' dir='ltr'>non</span> <span class='ocrx_word' id='word_1_332' title='bbox 1513 2633 1651 2716; x_wconf 84' lang='lat' dir='ltr'>fuisset</span> <span class='ocrx_word' id='word_1_333' title='bbox 1676 2631 1876 2725; x_wconf 91' lang='lat' dir='ltr'>denique</span> <span class='ocrx_word' id='word_1_334' title='bbox 1848 2655 1879 2699; x_wconf 82' lang='lat' dir='ltr'>si</span> <span class='ocrx_word' id='word_1_335' title='bbox 1895 2654 1970 2700; x_wconf 92' lang='lat' dir='ltr'>non</span> <span class='ocrx_word' id='word_1_336' title='bbox 1984 2653 2058 2721; x_wconf 85' lang='lat' dir='ltr'>ipse</span> <span class='ocrx_word' id='word_1_337' title='bbox 2073 2625 2153 2698; x_wconf 88' lang='lat' dir='ltr'>Ec</span> 
     </span>
     <span class='ocr_line' id='line_1_25' title="bbox 110 2732 2153 2827; baseline -0.002 -22"><span class='ocrx_word' id='word_1_338' title='bbox 110 2736 229 2805; x_wconf 89' lang='lat' dir='ltr'>multo</span> <span class='ocrx_word' id='word_1_339' title='bbox 259 2748 418 2824; x_wconf 91' lang='lat' dir='ltr'>tempore</span> <span class='ocrx_word' id='word_1_340' title='bbox 439 2749 474 2805; x_wconf 91' lang='lat' dir='ltr'>et</span> <span class='ocrx_word' id='word_1_341' title='bbox 497 2739 614 2827; x_wconf 92' lang='lat' dir='ltr'>quoad</span> <span class='ocrx_word' id='word_1_342' title='bbox 638 2737 729 2806; x_wconf 80' lang='lat' dir='ltr'>febri</span> <span class='ocrx_word' id='word_1_343' title='bbox 753 2737 1008 2827; x_wconf 88' lang='lat' dir='ltr'>corriperetur,</span> <span class='ocrx_word' id='word_1_344' title='bbox 1046 2761 1111 2804; x_wconf 90' lang='lat' dir='ltr'>ne·</span> <span class='ocrx_word' id='word_1_345' title='bbox 1149 2734 1237 2806; x_wconf 86' lang='lat' dir='ltr'>cius</span> <span class='ocrx_word' id='word_1_346' title='bbox 1252 2750 1323 2806; x_wconf 89' lang='lat' dir='ltr'>tam</span> <span class='ocrx_word' id='word_1_347' title='bbox 1340 2735 1401 2805; x_wconf 92' lang='lat' dir='ltr'>diu</span> <span class='ocrx_word' id='word_1_348' title='bbox 1417 2733 1548 2803; x_wconf 90' lang='lat' dir='ltr'>uobis</span> <span class='ocrx_word' id='word_1_349' title='bbox 1538 2760 1576 2801; x_wconf 86' lang='grc' dir='ltr'>ιιι</span> <span class='ocrx_word' id='word_1_350' title='bbox 1593 2734 1772 2827; x_wconf 90' lang='lat' dir='ltr'>colloquio</span> <span class='ocrx_word' id='word_1_351' title='bbox 1784 2733 1928 2822; x_wconf 87' lang='lat' dir='ltr'>collega</span> <span class='ocrx_word' id='word_1_352' title='bbox 1951 2732 2153 2817; x_wconf 89' lang='lat' dir='ltr'>adsedisset,</span> 
     </span>
     <span class='ocr_line' id='line_1_26' title="bbox 110 2835 2153 2930; baseline -0.003 -23"><span class='ocrx_word' id='word_1_353' title='bbox 110 2839 203 2907; x_wconf 87' lang='lat' dir='ltr'>dnm</span> <span class='ocrx_word' id='word_1_354' title='bbox 218 2837 381 2906; x_wconf 85' lang='lat' dir='ltr'>interfuit</span> <span class='ocrx_word' id='word_1_355' title='bbox 395 2835 601 2921; x_wconf 88' lang='lat' dir='ltr'>nobiscum,</span> <span class='ocrx_word' id='word_1_356' title='bbox 635 2840 694 2907; x_wconf 90' lang='lat' dir='ltr'>sed</span> <span class='ocrx_word' id='word_1_357' title='bbox 715 2852 749 2908; x_wconf 90' lang='lat' dir='ltr'>et</span> <span class='ocrx_word' id='word_1_358' title='bbox 766 2838 1028 2930; x_wconf 87' lang='lat' dir='ltr'>quodammodo</span> <span class='ocrx_word' id='word_1_359' title='bbox 1043 2861 1109 2927; x_wconf 90' lang='lat' dir='ltr'>pro</span> <span class='ocrx_word' id='word_1_360' title='bbox 1158 2853 1194 2913; x_wconf 88' lang='lat' dir='ltr'>et</span> <span class='ocrx_word' id='word_1_361' title='bbox 1206 2838 1396 2907; x_wconf 86' lang='lat' dir='ltr'>maximam</span> <span class='ocrx_word' id='word_1_362' title='bbox 1413 2836 1512 2904; x_wconf 89' lang='lat' dir='ltr'>illam</span> <span class='ocrx_word' id='word_1_363' title='bbox 1529 2836 1613 2906; x_wconf 89' lang='lat' dir='ltr'>libri</span> <span class='ocrx_word' id='word_1_364' title='bbox 1628 2851 1781 2927; x_wconf 89' lang='lat' dir='ltr'>partem,</span> <span class='ocrx_word' id='word_1_365' title='bbox 1806 2856 1896 2928; x_wconf 87' lang='lat' dir='ltr'>quae</span> <span class='ocrx_word' id='word_1_366' title='bbox 1914 2858 1954 2903; x_wconf 92' lang='lat' dir='ltr'>eo</span> <span class='ocrx_word' id='word_1_367' title='bbox 1971 2847 2153 2925; x_wconf 86' lang='lat' dir='ltr'>praesente</span> 
     </span>
     <span class='ocr_line' id='line_1_27' title="bbox 111 2932 2154 3031; baseline -0.003 -22"><span class='ocrx_word' id='word_1_368' title='bbox 111 2932 179 3009; x_wconf 86' lang='lat' dir='ltr'>sua</span> <span class='ocrx_word' id='word_1_369' title='bbox 208 2933 422 3007; x_wconf 88' lang='lat' dir='ltr'>authoritate</span> <span class='ocrx_word' id='word_1_370' title='bbox 449 2940 620 3029; x_wconf 88' lang='lat' dir='ltr'>praefuit,</span> <span class='ocrx_word' id='word_1_371' title='bbox 661 2942 828 3009; x_wconf 90' lang='lat' dir='ltr'>adversus</span> <span class='ocrx_word' id='word_1_372' title='bbox 849 2964 989 3009; x_wconf 89' lang='lat' dir='ltr'>omnem</span> <span class='ocrx_word' id='word_1_373' title='bbox 1013 2938 1111 3009; x_wconf 89' lang='lat' dir='ltr'>iniu—</span> <span class='ocrx_word' id='word_1_374' title='bbox 1158 2962 1298 3011; x_wconf 85' lang='lat' dir='ltr'>excussa</span> <span class='ocrx_word' id='word_1_375' title='bbox 1315 2952 1384 3023; x_wconf 89' lang='lat' dir='ltr'>est,</span> <span class='ocrx_word' id='word_1_376' title='bbox 1410 2939 1450 3006; x_wconf 92' lang='lat' dir='ltr'>in</span> <span class='ocrx_word' id='word_1_377' title='bbox 1464 2933 1521 3006; x_wconf 92' lang='lat' dir='ltr'>his</span> <span class='ocrx_word' id='word_1_378' title='bbox 1538 2962 1629 3031; x_wconf 90' lang='lat' dir='ltr'>quae</span> <span class='ocrx_word' id='word_1_379' title='bbox 1646 2939 1815 3031; x_wconf 85' lang='lat' dir='ltr'>utrinque</span> <span class='ocrx_word' id='word_1_380' title='bbox 1832 2937 2043 3006; x_wconf 87' lang='lat' dir='ltr'>concordata</span> <span class='ocrx_word' id='word_1_381' title='bbox 2060 2948 2154 3018; x_wconf 81' lang='lat' dir='ltr'>sunt,</span> 
     </span>
     <span class='ocr_line' id='line_1_28' title="bbox 112 3036 2153 3133; baseline -0.001 -23"><span class='ocrx_word' id='word_1_382' title='bbox 112 3053 206 3111; x_wconf 83' lang='lat' dir='ltr'>stam</span> <span class='ocrx_word' id='word_1_383' title='bbox 228 3040 442 3109; x_wconf 87' lang='lat' dir='ltr'>calumniam</span> <span class='ocrx_word' id='word_1_384' title='bbox 465 3042 558 3109; x_wconf 90' lang='lat' dir='ltr'>tueri</span> <span class='ocrx_word' id='word_1_385' title='bbox 583 3054 616 3111; x_wconf 91' lang='grc' dir='ltr'>ιι</span> <span class='ocrx_word' id='word_1_386' title='bbox 639 3044 829 3111; x_wconf 88' lang='lat' dir='ltr'>defendere</span> <span class='ocrx_word' id='word_1_387' title='bbox 849 3043 1009 3125; x_wconf 88' lang='lat' dir='ltr'>deberet,</span> <span class='ocrx_word' id='word_1_388' title='bbox 1034 3041 1111 3133; x_wconf 88' lang='lat' dir='ltr'>pri·</span> <span class='ocrx_word' id='word_1_389' title='bbox 1158 3056 1199 3112; x_wconf 87' lang='grc' dir='ltr'>ιιι</span> <span class='ocrx_word' id='word_1_390' title='bbox 1211 3065 1295 3111; x_wconf 90' lang='lat' dir='ltr'>sana</span> <span class='ocrx_word' id='word_1_391' title='bbox 1311 3055 1344 3110; x_wconf 92' lang='lat' dir='ltr'>et</span> <span class='ocrx_word' id='word_1_392' title='bbox 1361 3036 1533 3110; x_wconf 87' lang='lat' dir='ltr'>catholica</span> <span class='ocrx_word' id='word_1_393' title='bbox 1548 3064 1624 3110; x_wconf 92' lang='lat' dir='ltr'>non</span> <span class='ocrx_word' id='word_1_394' title='bbox 1639 3064 1700 3110; x_wconf 91' lang='lat' dir='ltr'>sua</span> <span class='ocrx_word' id='word_1_395' title='bbox 1713 3064 1799 3109; x_wconf 77' lang='lat' dir='ltr'>voce</span> <span class='ocrx_word' id='word_1_396' title='bbox 1815 3051 1971 3123; x_wconf 90' lang='lat' dir='ltr'>tantum,</span> <span class='ocrx_word' id='word_1_397' title='bbox 1996 3040 2055 3107; x_wconf 88' lang='lat' dir='ltr'>scd</span> <span class='ocrx_word' id='word_1_398' title='bbox 2070 3060 2153 3128; x_wconf 91' lang='lat' dir='ltr'>par-</span> 
     </span>
     <span class='ocr_line' id='line_1_29' title="bbox 110 3139 2152 3235; baseline -0.002 -24"><span class='ocrx_word' id='word_1_399' title='bbox 110 3164 195 3211; x_wconf 88' lang='lat' dir='ltr'>mns</span> <span class='ocrx_word' id='word_1_400' title='bbox 209 3141 369 3211; x_wconf 91' lang='lat' dir='ltr'>omnium</span> <span class='ocrx_word' id='word_1_401' title='bbox 386 3155 451 3225; x_wconf 91' lang='lat' dir='ltr'>cst,</span> <span class='ocrx_word' id='word_1_402' title='bbox 483 3143 546 3235; x_wconf 90' lang='lat' dir='ltr'>qui</span> <span class='ocrx_word' id='word_1_403' title='bbox 562 3145 728 3214; x_wconf 87' lang='lat' dir='ltr'>atrociter</span> <span class='ocrx_word' id='word_1_404' title='bbox 749 3144 890 3235; x_wconf 90' lang='lat' dir='ltr'>impetit</span> <span class='ocrx_word' id='word_1_405' title='bbox 910 3156 945 3213; x_wconf 88' lang='lat' dir='ltr'>et</span> <span class='ocrx_word' id='word_1_406' title='bbox 967 3142 1111 3212; x_wconf 86' lang='lat' dir='ltr'>convel-</span> <span class='ocrx_word' id='word_1_407' title='bbox 1157 3144 1223 3213; x_wconf 90' lang='lat' dir='ltr'>tim</span> <span class='ocrx_word' id='word_1_408' title='bbox 1251 3144 1364 3212; x_wconf 86' lang='lat' dir='ltr'>etiam¹</span> <span class='ocrx_word' id='word_1_409' title='bbox 1385 3142 1578 3232; x_wconf 88' lang='lat' dir='ltr'>scripturae</span> <span class='ocrx_word' id='word_1_410' title='bbox 1609 3164 1691 3210; x_wconf 88' lang='lat' dir='ltr'>suae</span> <span class='ocrx_word' id='word_1_411' title='bbox 1719 3141 1922 3210; x_wconf 88' lang='lat' dir='ltr'>testimonio</span> <span class='ocrx_word' id='word_1_412' title='bbox 1950 3139 2152 3228; x_wconf 88' lang='lat' dir='ltr'>recepisset:</span> 
     </span>
     <span class='ocr_line' id='line_1_30' title="bbox 112 3238 2154 3338; baseline -0.002 -24"><span class='ocrx_word' id='word_1_413' title='bbox 112 3244 176 3315; x_wconf 81' lang='lat' dir='ltr'>lit.¹</span> <span class='ocrx_word' id='word_1_414' title='bbox 222 3242 388 3312; x_wconf 77' lang='lat' dir='ltr'>Vidimus</span> <span class='ocrx_word' id='word_1_415' title='bbox 411 3244 503 3312; x_wconf 90' lang='lat' dir='ltr'>euim</span> <span class='ocrx_word' id='word_1_416' title='bbox 527 3246 697 3336; x_wconf 87' lang='lat' dir='ltr'>scriptum</span> <span class='ocrx_word' id='word_1_417' title='bbox 723 3246 814 3330; x_wconf 92' lang='lat' dir='ltr'>eius,</span> <span class='ocrx_word' id='word_1_418' title='bbox 847 3247 943 3338; x_wconf 91' lang='lat' dir='ltr'>quod</span> <span class='ocrx_word' id='word_1_419' title='bbox 965 3270 1039 3314; x_wconf 90' lang='grc' dir='ltr'>ιιοιι</span> <span class='ocrx_word' id='word_1_420' title='bbox 1066 3247 1107 3313; x_wconf 91' lang='lat' dir='ltr'>ad</span> <span class='ocrx_word' id='word_1_421' title='bbox 1159 3241 1305 3324; x_wconf 85' lang='lat' dir='ltr'>haberet</span> <span class='ocrx_word' id='word_1_422' title='bbox 1320 3245 1457 3328; x_wconf 87' lang='lat' dir='ltr'>forsan,</span> <span class='ocrx_word' id='word_1_423' title='bbox 1485 3245 1580 3335; x_wconf 88' lang='lat' dir='ltr'>quod</span> <span class='ocrx_word' id='word_1_424' title='bbox 1596 3241 1877 3321; x_wconf 89' lang='lat' dir='ltr'>Illustrissimae‚</span> <span class='ocrx_word' id='word_1_425' title='bbox 1899 3238 2101 3310; x_wconf 87' lang='lat' dir='ltr'>Illustribus</span> <span class='ocrx_word' id='word_1_426' title='bbox 2119 3253 2154 3310; x_wconf 92' lang='lat' dir='ltr'>et</span> 
     </span>
     <span class='ocr_line' id='line_1_31' title="bbox 112 3342 2152 3439; baseline -0 -26"><span class='ocrx_word' id='word_1_427' title='bbox 112 3345 308 3439; x_wconf 89' lang='lat' dir='ltr'>quoslibet,</span> <span class='ocrx_word' id='word_1_428' title='bbox 348 3347 407 3413; x_wconf 72' lang='lat' dir='ltr'>secl</span> <span class='ocrx_word' id='word_1_429' title='bbox 439 3346 476 3412; x_wconf 91' lang='lat' dir='ltr'>in</span> <span class='ocrx_word' id='word_1_430' title='bbox 508 3345 625 3437; x_wconf 89' lang='lat' dir='ltr'>ipsum</span> <span class='ocrx_word' id='word_1_431' title='bbox 651 3347 821 3419; x_wconf 85' lang='lat' dir='ltr'>Senatum</span> <span class='ocrx_word' id='word_1_432' title='bbox 849 3347 939 3416; x_wconf 91' lang='lat' dir='ltr'>sacri</span> <span class='ocrx_word' id='word_1_433' title='bbox 966 3346 1110 3438; x_wconf 88' lang='lat' dir='ltr'>Imperii</span> <span class='ocrx_word' id='word_1_434' title='bbox 1158 3346 1358 3436; x_wconf 83' lang='lat' dir='ltr'>Magnificis</span> <span class='ocrx_word' id='word_1_435' title='bbox 1373 3342 1479 3419; x_wconf 89' lang='lat' dir='ltr'>Dom.</span> <span class='ocrx_word' id='word_1_436' title='bbox 1494 3344 1630 3415; x_wconf 87' lang='lat' dir='ltr'>Vestris</span> <span class='ocrx_word' id='word_1_437' title='bbox 1643 3354 1870 3435; x_wconf 86' lang='lat' dir='ltr'>praetexeret,</span> <span class='ocrx_word' id='word_1_438' title='bbox 1892 3366 1938 3411; x_wconf 91' lang='lat' dir='ltr'>ne</span> <span class='ocrx_word' id='word_1_439' title='bbox 1952 3366 2030 3412; x_wconf 88' lang='lat' dir='ltr'>eum</span> <span class='ocrx_word' id='word_1_440' title='bbox 2045 3342 2152 3435; x_wconf 91' lang='lat' dir='ltr'>plane</span> 
     </span>
     <span class='ocr_line' id='line_1_32' title="bbox 111 3444 2152 3538; baseline -0.002 -21"><span class='ocrx_word' id='word_1_441' title='bbox 111 3445 342 3538; x_wconf 85' lang='lat' dir='ltr'>Principum,</span> <span class='ocrx_word' id='word_1_442' title='bbox 382 3445 626 3521; x_wconf 87' lang='lat' dir='ltr'>Praelatorum</span> <span class='ocrx_word' id='word_1_443' title='bbox 657 3463 691 3518; x_wconf 92' lang='grc' dir='ltr'>ιι</span> <span class='ocrx_word' id='word_1_444' title='bbox 715 3446 897 3519; x_wconf 91' lang='lat' dir='ltr'>Ordinum</span> <span class='ocrx_word' id='word_1_445' title='bbox 925 3450 1110 3518; x_wconf 88' lang='lat' dir='ltr'>transmis-</span> <span class='ocrx_word' id='word_1_446' title='bbox 1159 3446 1368 3518; x_wconf 83' lang='lat' dir='ltr'>calumniari</span> <span class='ocrx_word' id='word_1_447' title='bbox 1390 3446 1639 3519; x_wconf 85' lang='lat' dir='ltr'>existimarent.</span> <span class='ocrx_word' id='word_1_448' title='bbox 1703 3444 1808 3515; x_wconf 75' lang='lat' dir='ltr'>Neine</span> <span class='ocrx_word' id='word_1_449' title='bbox 1830 3456 2047 3514; x_wconf 79' lang='lat' dir='ltr'>autemeam</span> <span class='ocrx_word' id='word_1_450' title='bbox 2070 3445 2152 3514; x_wconf 92' lang='lat' dir='ltr'>illae</span> 
     </span>
     <span class='ocr_line' id='line_1_33' title="bbox 113 3543 2235 3642; baseline -0 -25"><span class='ocrx_word' id='word_1_451' title='bbox 113 3562 281 3633; x_wconf 85' lang='lat' dir='ltr'>sumest,</span> <span class='ocrx_word' id='word_1_452' title='bbox 310 3572 381 3640; x_wconf 92' lang='lat' dir='ltr'>quo</span> <span class='ocrx_word' id='word_1_453' title='bbox 405 3550 538 3619; x_wconf 89' lang='lat' dir='ltr'>veritus</span> <span class='ocrx_word' id='word_1_454' title='bbox 562 3575 637 3619; x_wconf 92' lang='lat' dir='ltr'>non</span> <span class='ocrx_word' id='word_1_455' title='bbox 664 3564 716 3620; x_wconf 91' lang='lat' dir='ltr'>est</span> <span class='ocrx_word' id='word_1_456' title='bbox 738 3551 878 3634; x_wconf 88' lang='lat' dir='ltr'>testari,</span> <span class='ocrx_word' id='word_1_457' title='bbox 911 3551 979 3618; x_wconf 91' lang='lat' dir='ltr'>sibi</span> <span class='ocrx_word' id='word_1_458' title='bbox 997 3574 1110 3642; x_wconf 91' lang='lat' dir='ltr'>neque</span> <span class='ocrx_word' id='word_1_459' title='bbox 1158 3549 1289 3634; x_wconf 90' lang='lat' dir='ltr'>sciant,</span> <span class='ocrx_word' id='word_1_460' title='bbox 1320 3574 1390 3642; x_wconf 88' lang='lat' dir='ltr'>quo</span> <span class='ocrx_word' id='word_1_461' title='bbox 1412 3548 1561 3617; x_wconf 91' lang='lat' dir='ltr'>consilio</span> <span class='ocrx_word' id='word_1_462' title='bbox 1585 3572 1650 3617; x_wconf 92' lang='lat' dir='ltr'>nos</span> <span class='ocrx_word' id='word_1_463' title='bbox 1674 3543 1846 3633; x_wconf 89' lang='lat' dir='ltr'>adhibiti,</span> <span class='ocrx_word' id='word_1_464' title='bbox 1875 3570 1944 3641; x_wconf 88' lang='lat' dir='ltr'>qua</span> <span class='ocrx_word' id='word_1_465' title='bbox 1968 3546 2150 3637; x_wconf 87' lang='lat' dir='ltr'>diligentia</span> <span class='ocrx_word' id='word_1_466' title='bbox 2232 3562 2235 3571; x_wconf 86' lang='lat'>&#39;</span> 
     </span>
     <span class='ocr_line' id='line_1_34' title="bbox 113 3649 2150 3745; baseline 0 -27"><span class='ocrx_word' id='word_1_467' title='bbox 113 3649 306 3741; x_wconf 86' lang='lat' dir='ltr'>placuisse,</span> <span class='ocrx_word' id='word_1_468' title='bbox 346 3674 461 3741; x_wconf 89' lang='lat' dir='ltr'>neque</span> <span class='ocrx_word' id='word_1_469' title='bbox 481 3650 636 3740; x_wconf 89' lang='lat' dir='ltr'>placere,</span> <span class='ocrx_word' id='word_1_470' title='bbox 670 3676 786 3745; x_wconf 89' lang='lat' dir='ltr'>neque</span> <span class='ocrx_word' id='word_1_471' title='bbox 805 3653 1017 3742; x_wconf 90' lang='lat' dir='ltr'>placiturum</span> <span class='ocrx_word' id='word_1_472' title='bbox 1040 3675 1110 3721; x_wconf 88' lang='lat' dir='ltr'>un·</span> <span class='ocrx_word' id='word_1_473' title='bbox 1157 3652 1303 3721; x_wconf 90' lang='lat' dir='ltr'>liberet</span> <span class='ocrx_word' id='word_1_474' title='bbox 1326 3674 1389 3743; x_wconf 86' lang='lat' dir='ltr'>per</span> <span class='ocrx_word' id='word_1_475' title='bbox 1411 3673 1500 3743; x_wconf 91' lang='lat' dir='ltr'>quos</span> <span class='ocrx_word' id='word_1_476' title='bbox 1525 3663 1606 3720; x_wconf 89' lang='lat' dir='ltr'>ante</span> <span class='ocrx_word' id='word_1_477' title='bbox 1631 3650 1848 3744; x_wconf 87' lang='lat' dir='ltr'>colloquium</span> <span class='ocrx_word' id='word_1_478' title='bbox 1871 3670 2051 3734; x_wconf 84' lang='lat' dir='ltr'>excussus,</span> <span class='ocrx_word' id='word_1_479' title='bbox 2081 3670 2150 3742; x_wconf 86' lang='lat' dir='ltr'>qua</span> 
     </span>
     <span class='ocr_line' id='line_1_35' title="bbox 113 3750 2150 3871; baseline 0 -52"><span class='ocrx_word' id='word_1_480' title='bbox 113 3775 222 3845; x_wconf 85' lang='lat' dir='ltr'>quam</span> <span class='ocrx_word' id='word_1_481' title='bbox 245 3752 351 3823; x_wconf 92' lang='lat' dir='ltr'>illum</span> <span class='ocrx_word' id='word_1_482' title='bbox 376 3750 530 3832; x_wconf 87' lang='lat' dir='ltr'>librum,</span> <span class='ocrx_word' id='word_1_483' title='bbox 568 3776 672 3846; x_wconf 89' lang='lat' dir='ltr'>quem</span> <span class='ocrx_word' id='word_1_484' title='bbox 696 3767 799 3824; x_wconf 90' lang='lat' dir='ltr'>vocat</span> <span class='ocrx_word' id='word_1_485' title='bbox 821 3754 1014 3839; x_wconf 89' lang='lat' dir='ltr'>insulsum,</span> <span class='ocrx_word' id='word_1_486' title='bbox 1047 3777 1110 3844; x_wconf 89' lang='lat' dir='ltr'>per</span> <span class='ocrx_word' id='word_1_487' title='bbox 1157 3754 1296 3823; x_wconf 88' lang='lat' dir='ltr'>ratione</span> <span class='ocrx_word' id='word_1_488' title='bbox 1318 3752 1535 3871; x_wconf 89' lang='lat' dir='ltr'>colloquium</span> <span class='ocrx_word' id='word_1_489' title='bbox 1557 3766 1740 3843; x_wconf 90' lang='lat' dir='ltr'>coeptum,</span> <span class='ocrx_word' id='word_1_490' title='bbox 1779 3765 1814 3821; x_wconf 89' lang='lat' dir='ltr'>ct</span> <span class='ocrx_word' id='word_1_491' title='bbox 1840 3751 2016 3820; x_wconf 90' lang='lat' dir='ltr'>assidente</span> <span class='ocrx_word' id='word_1_492' title='bbox 2037 3750 2150 3821; x_wconf 90' lang='lat' dir='ltr'>multo</span> 
     </span>
     <span class='ocr_line' id='line_1_36' title="bbox 114 3850 2152 3949; baseline 0 -27"><span class='ocrx_word' id='word_1_493' title='bbox 114 3850 384 3944; x_wconf 88' lang='lat' dir='ltr'>Imperatoriam</span> <span class='ocrx_word' id='word_1_494' title='bbox 401 3853 539 3926; x_wconf 80' lang='lat' dir='ltr'>Maiest.</span> <span class='ocrx_word' id='word_1_495' title='bbox 555 3850 771 3934; x_wconf 82' lang='lat' dir='ltr'>exhibitum,</span> <span class='ocrx_word' id='word_1_496' title='bbox 804 3856 842 3923; x_wconf 91' lang='lat' dir='ltr'>in</span> <span class='ocrx_word' id='word_1_497' title='bbox 866 3881 958 3949; x_wconf 92' lang='lat' dir='ltr'>quo,</span> <span class='ocrx_word' id='word_1_498' title='bbox 987 3868 1031 3925; x_wconf 92' lang='lat' dir='ltr'>ut</span> <span class='ocrx_word' id='word_1_499' title='bbox 1051 3855 1111 3940; x_wconf 87' lang='lat' dir='ltr'>ait,</span> <span class='ocrx_word' id='word_1_500' title='bbox 1157 3867 1316 3948; x_wconf 91' lang='lat' dir='ltr'>tempore</span> <span class='ocrx_word' id='word_1_501' title='bbox 1331 3850 1426 3922; x_wconf 85' lang='lat' dir='ltr'><em>F</em></span> <span class='ocrx_word' id='word_1_502' title='bbox 1373 3876 1445 3924; x_wconf 82' lang='lat' dir='ltr'>ceto</span> <span class='ocrx_word' id='word_1_503' title='bbox 1458 3863 1593 3944; x_wconf 88' lang='lat' dir='ltr'>gestum</span> <span class='ocrx_word' id='word_1_504' title='bbox 1607 3853 1729 3925; x_wconf 84' lang='lat' dir='ltr'>fuerit</span> <span class='ocrx_word' id='word_1_505' title='bbox 1759 3878 1833 3923; x_wconf 90' lang='lat' dir='ltr'>nou</span> <span class='ocrx_word' id='word_1_506' title='bbox 1857 3864 1909 3921; x_wconf 89' lang='lat' dir='ltr'>cst</span> <span class='ocrx_word' id='word_1_507' title='bbox 1930 3874 1995 3920; x_wconf 90' lang='lat' dir='ltr'>cur</span> <span class='ocrx_word' id='word_1_508' title='bbox 2012 3865 2152 3922; x_wconf 83' lang='lat' dir='ltr'>metua-</span> 
     </span>
     <span class='ocr_line' id='line_1_37' title="bbox 116 3948 2150 4050; baseline -0.001 -25"><span class='ocrx_word' id='word_1_509' title='bbox 116 3967 173 4026; x_wconf 93' lang='lat' dir='ltr'>tot</span> <span class='ocrx_word' id='word_1_510' title='bbox 188 3978 325 4024; x_wconf 90' lang='lat' dir='ltr'>errores</span> <span class='ocrx_word' id='word_1_511' title='bbox 342 3967 378 4024; x_wconf 89' lang='lat' dir='ltr'>et</span> <span class='ocrx_word' id='word_1_512' title='bbox 393 3956 479 4023; x_wconf 80' lang='lat' dir='ltr'>vitia</span> <span class='ocrx_word' id='word_1_513' title='bbox 495 3951 784 4046; x_wconf 86' lang='lat' dir='ltr'>deprehendent</span> <span class='ocrx_word' id='word_1_514' title='bbox 811 3982 917 4050; x_wconf 90' lang='lat' dir='ltr'>quem</span> <span class='ocrx_word' id='word_1_515' title='bbox 933 3970 967 4029; x_wconf 93' lang='lat' dir='ltr'>et</span> <span class='ocrx_word' id='word_1_516' title='bbox 984 3958 1108 4027; x_wconf 87' lang='lat' dir='ltr'>eodem</span> <span class='ocrx_word' id='word_1_517' title='bbox 1157 3981 1254 4042; x_wconf 91' lang='lat' dir='ltr'>mus,</span> <span class='ocrx_word' id='word_1_518' title='bbox 1285 3981 1364 4026; x_wconf 91' lang='lat' dir='ltr'>eum</span> <span class='ocrx_word' id='word_1_519' title='bbox 1389 3957 1490 4026; x_wconf 86' lang='lat' dir='ltr'>vobis</span> <span class='ocrx_word' id='word_1_520' title='bbox 1512 3957 1626 4026; x_wconf 90' lang='lat' dir='ltr'>ullum</span> <span class='ocrx_word' id='word_1_521' title='bbox 1645 3956 1765 4025; x_wconf 90' lang='lat' dir='ltr'>fucum</span> <span class='ocrx_word' id='word_1_522' title='bbox 1781 3955 1895 4023; x_wconf 90' lang='lat' dir='ltr'>facere</span> <span class='ocrx_word' id='word_1_523' title='bbox 1911 3976 2020 4044; x_wconf 91' lang='lat' dir='ltr'>posse</span> <span class='ocrx_word' id='word_1_524' title='bbox 2072 3948 2150 4023; x_wconf 92' lang='lat' dir='ltr'>lmo</span> 
     </span>
     <span class='ocr_line' id='line_1_38' title="bbox 113 4051 2151 4146; baseline -0.002 -19"><span class='ocrx_word' id='word_1_525' title='bbox 113 4056 330 4146; x_wconf 80' lang='lat' dir='ltr'>snoscripto</span> <span class='ocrx_word' id='word_1_526' title='bbox 353 4056 462 4124; x_wconf 89' lang='lat' dir='ltr'>nullis</span> <span class='ocrx_word' id='word_1_527' title='bbox 484 4059 683 4127; x_wconf 87' lang='lat' dir='ltr'>rationibus</span> <span class='ocrx_word' id='word_1_528' title='bbox 703 4060 832 4128; x_wconf 77' lang='lat' dir='ltr'>additis</span> <span class='ocrx_word' id='word_1_529' title='bbox 849 4083 1006 4128; x_wconf 76' lang='lat' dir='ltr'>censoris</span> <span class='ocrx_word' id='word_1_530' title='bbox 1026 4073 1109 4128; x_wconf 89' lang='lat' dir='ltr'>nota</span> <span class='ocrx_word' id='word_1_531' title='bbox 1157 4072 1292 4127; x_wconf 87' lang='lat' dir='ltr'>vestrae</span> <span class='ocrx_word' id='word_1_532' title='bbox 1316 4056 1576 4143; x_wconf 87' lang='lat' dir='ltr'>Illustrissima,</span> <span class='ocrx_word' id='word_1_533' title='bbox 1608 4055 1767 4127; x_wconf 87' lang='lat' dir='ltr'>Illustres</span> <span class='ocrx_word' id='word_1_534' title='bbox 1790 4068 1824 4127; x_wconf 91' lang='lat' dir='ltr'>et</span> <span class='ocrx_word' id='word_1_535' title='bbox 1845 4052 2055 4144; x_wconf 86' lang='lat' dir='ltr'>Magnifieae</span> <span class='ocrx_word' id='word_1_536' title='bbox 2074 4051 2151 4125; x_wconf 89' lang='lat' dir='ltr'>Do-</span> 
     </span>
     <span class='ocr_line' id='line_1_39' title="bbox 112 4156 2149 4249; baseline -0.001 -22"><span class='ocrx_word' id='word_1_537' title='bbox 112 4160 259 4227; x_wconf 91' lang='lat' dir='ltr'>damnat</span> <span class='ocrx_word' id='word_1_538' title='bbox 276 4170 310 4226; x_wconf 92' lang='lat' dir='ltr'>et</span> <span class='ocrx_word' id='word_1_539' title='bbox 326 4158 513 4247; x_wconf 80' lang='lat' dir='ltr'>iudignum</span> <span class='ocrx_word' id='word_1_540' title='bbox 529 4159 682 4242; x_wconf 75' lang='lat' dir='ltr'>iudicat,</span> <span class='ocrx_word' id='word_1_541' title='bbox 712 4156 999 4229; x_wconf 88' lang='lat' dir='ltr'>utaCatholicis</span> <span class='ocrx_word' id='word_1_542' title='bbox 1019 4161 1110 4229; x_wconf 87' lang='lat' dir='ltr'>reci·</span> <span class='ocrx_word' id='word_1_543' title='bbox 1157 4160 1386 4244; x_wconf 82' lang='lat' dir='ltr'>minutiones,</span> <span class='ocrx_word' id='word_1_544' title='bbox 1424 4168 1498 4229; x_wconf 87' lang='lat' dir='ltr'>n&#39;on</span> <span class='ocrx_word' id='word_1_545' title='bbox 1523 4182 1589 4227; x_wconf 91' lang='lat' dir='ltr'>uos</span> <span class='ocrx_word' id='word_1_546' title='bbox 1613 4173 1770 4238; x_wconf 90' lang='lat' dir='ltr'>tantum,</span> <span class='ocrx_word' id='word_1_547' title='bbox 1804 4179 1945 4242; x_wconf 90' lang='lat' dir='ltr'>sumus,</span> <span class='ocrx_word' id='word_1_548' title='bbox 1978 4180 2087 4249; x_wconf 90' lang='lat' dir='ltr'>quae,</span> <span class='ocrx_word' id='word_1_549' title='bbox 2119 4158 2149 4227; x_wconf 91' lang='lat' dir='ltr'>si</span> 
     </span>
     <span class='ocr_line' id='line_1_40' title="bbox 112 4252 2151 4357; baseline 0.001 -29"><span class='ocrx_word' id='word_1_550' title='bbox 112 4260 254 4351; x_wconf 87' lang='lat' dir='ltr'>piatur,</span> <span class='ocrx_word' id='word_1_551' title='bbox 278 4283 384 4351; x_wconf 91' lang='lat' dir='ltr'>quem</span> <span class='ocrx_word' id='word_1_552' title='bbox 399 4260 523 4344; x_wconf 80' lang='lat' dir='ltr'>ettam</span> <span class='ocrx_word' id='word_1_553' title='bbox 547 4275 589 4331; x_wconf 92' lang='lat' dir='ltr'>ut</span> <span class='ocrx_word' id='word_1_554' title='bbox 601 4275 655 4331; x_wconf 87' lang='lat' dir='ltr'>est</span> <span class='ocrx_word' id='word_1_555' title='bbox 669 4260 919 4353; x_wconf 83' lang='lat' dir='ltr'>Imperatoriae</span> <span class='ocrx_word' id='word_1_556' title='bbox 932 4260 1109 4330; x_wconf 75' lang='lat' dir='ltr'>Maoestati</span> <span class='ocrx_word' id='word_1_557' title='bbox 1158 4252 1328 4332; x_wconf 81' lang='lat' dir='ltr'>Eccmna</span> <span class='ocrx_word' id='word_1_558' title='bbox 1342 4284 1529 4353; x_wconf 80' lang='lat' dir='ltr'>persuasio</span> <span class='ocrx_word' id='word_1_559' title='bbox 1543 4262 1719 4345; x_wconf 89' lang='lat' dir='ltr'>obtineat,</span> <span class='ocrx_word' id='word_1_560' title='bbox 1750 4260 1789 4327; x_wconf 92' lang='lat' dir='ltr'>in</span> <span class='ocrx_word' id='word_1_561' title='bbox 1814 4280 1956 4350; x_wconf 82' lang='lat' dir='ltr'>gravem</span> <span class='ocrx_word' id='word_1_562' title='bbox 1978 4257 2151 4357; x_wconf 87' lang='lat' dir='ltr'>suspicio·</span> 
     </span>
     <span class='ocr_line' id='line_1_41' title="bbox 112 4356 2153 4457; baseline -0.001 -26"><span class='ocrx_word' id='word_1_563' title='bbox 112 4356 372 4453; x_wconf 88' lang='lat' dir='ltr'>posthabitum</span> <span class='ocrx_word' id='word_1_564' title='bbox 389 4362 607 4455; x_wconf 84' lang='lat' dir='ltr'>colloquium</span> <span class='ocrx_word' id='word_1_565' title='bbox 625 4365 801 4448; x_wconf 90' lang='lat' dir='ltr'>redditus,</span> <span class='ocrx_word' id='word_1_566' title='bbox 834 4386 870 4431; x_wconf 90' lang='lat' dir='ltr'>se</span> <span class='ocrx_word' id='word_1_567' title='bbox 885 4363 1014 4433; x_wconf 89' lang='lat' dir='ltr'>vidisse</span> <span class='ocrx_word' id='word_1_568' title='bbox 1029 4388 1109 4453; x_wconf 85' lang='lat' dir='ltr'>per·</span> <span class='ocrx_word' id='word_1_569' title='bbox 1146 4376 1240 4434; x_wconf 83' lang='lat' dir='ltr'>&#39;nem</span> <span class='ocrx_word' id='word_1_570' title='bbox 1258 4362 1312 4432; x_wconf 88' lang='lat' dir='ltr'>sni</span> <span class='ocrx_word' id='word_1_571' title='bbox 1328 4362 1488 4432; x_wconf 81' lang='lat' dir='ltr'>nutrieris</span> <span class='ocrx_word' id='word_1_572' title='bbox 1507 4362 1576 4457; x_wconf 77' lang='lat' dir='ltr'>sibi</span> <span class='ocrx_word' id='word_1_573' title='bbox 1596 4362 1773 4439; x_wconf 89' lang='lat' dir='ltr'>commissi</span> <span class='ocrx_word' id='word_1_574' title='bbox 1794 4384 1869 4431; x_wconf 90' lang='lat' dir='ltr'>non</span> <span class='ocrx_word' id='word_1_575' title='bbox 1893 4360 1977 4431; x_wconf 90' lang='lat' dir='ltr'>satis</span> <span class='ocrx_word' id='word_1_576' title='bbox 1999 4360 2153 4431; x_wconf 81' lang='lat' dir='ltr'>fideliter</span> 
     </span>
     <span class='ocr_line' id='line_1_42' title="bbox 113 4450 2152 4559; baseline 0 -28"><span class='ocrx_word' id='word_1_577' title='bbox 113 4472 231 4552; x_wconf 85' lang='lat' dir='ltr'>negat.</span> <span class='ocrx_word' id='word_1_578' title='bbox 287 4457 439 4553; x_wconf 86' lang='lat' dir='ltr'>Affingit</span> <span class='ocrx_word' id='word_1_579' title='bbox 461 4486 602 4557; x_wconf 89' lang='lat' dir='ltr'>qnoque</span> <span class='ocrx_word' id='word_1_580' title='bbox 626 4464 801 4534; x_wconf 89' lang='lat' dir='ltr'>nescimus</span> <span class='ocrx_word' id='word_1_581' title='bbox 827 4489 933 4558; x_wconf 87' lang='lat' dir='ltr'>quam</span> <span class='ocrx_word' id='word_1_582' title='bbox 957 4467 1109 4557; x_wconf 87' lang='lat' dir='ltr'>scriptu-</span> <span class='ocrx_word' id='word_1_583' title='bbox 1157 4467 1224 4536; x_wconf 81' lang='lat' dir='ltr'>acti</span> <span class='ocrx_word' id='word_1_584' title='bbox 1225 4465 1477 4551; x_wconf 83' lang='lat' dir='ltr'>adducantur,</span> <span class='ocrx_word' id='word_1_585' title='bbox 1513 4488 1584 4559; x_wconf 90' lang='lat' dir='ltr'>quo</span> <span class='ocrx_word' id='word_1_586' title='bbox 1607 4464 1740 4534; x_wconf 90' lang='lat' dir='ltr'>scilicet</span> <span class='ocrx_word' id='word_1_587' title='bbox 1756 4450 2152 4555; x_wconf 77' lang='lat' dir='ltr'>tantotemporec&#39;dlla-</span> 
     </span>
     <span class='ocr_line' id='line_1_43' title="bbox 113 4560 2151 4658; baseline -0.002 -21"><span class='ocrx_word' id='word_1_588' title='bbox 113 4588 211 4649; x_wconf 76' lang='lat' dir='ltr'>nm,</span> <span class='ocrx_word' id='word_1_589' title='bbox 242 4588 332 4656; x_wconf 91' lang='lat' dir='ltr'>quae</span> <span class='ocrx_word' id='word_1_590' title='bbox 349 4587 386 4633; x_wconf 86' lang='lat' dir='ltr'>se</span> <span class='ocrx_word' id='word_1_591' title='bbox 402 4565 514 4636; x_wconf 91' lang='lat' dir='ltr'>inscio</span> <span class='ocrx_word' id='word_1_592' title='bbox 528 4567 636 4636; x_wconf 91' lang='lat' dir='ltr'>simul</span> <span class='ocrx_word' id='word_1_593' title='bbox 650 4588 730 4637; x_wconf 86' lang='lat' dir='ltr'>cum</span> <span class='ocrx_word' id='word_1_594' title='bbox 748 4567 842 4636; x_wconf 90' lang='lat' dir='ltr'>libro</span> <span class='ocrx_word' id='word_1_595' title='bbox 858 4563 1109 4658; x_wconf 81' lang='lat' dir='ltr'>Imperatoriae</span> <span class='ocrx_word' id='word_1_596' title='bbox 1157 4567 1266 4638; x_wconf 90' lang='lat' dir='ltr'>tionis</span> <span class='ocrx_word' id='word_1_597' title='bbox 1291 4567 1335 4636; x_wconf 91' lang='lat' dir='ltr'>de</span> <span class='ocrx_word' id='word_1_598' title='bbox 1356 4566 1529 4655; x_wconf 86' lang='lat' dir='ltr'>religione</span> <span class='ocrx_word' id='word_1_599' title='bbox 1552 4564 1763 4649; x_wconf 91' lang='lat' dir='ltr'>assederint,</span> <span class='ocrx_word' id='word_1_600' title='bbox 1806 4577 1841 4635; x_wconf 91' lang='grc' dir='ltr'>ιι</span> <span class='ocrx_word' id='word_1_601' title='bbox 1862 4577 1981 4633; x_wconf 85' lang='lat' dir='ltr'>tamen</span> <span class='ocrx_word' id='word_1_602' title='bbox 2009 4566 2063 4633; x_wconf 90' lang='lat' dir='ltr'>de·</span> <span class='ocrx_word' id='word_1_603' title='bbox 2082 4560 2151 4650; x_wconf 85' lang='lat' dir='ltr'>his,</span> 
     </span>
     <span class='ocr_line' id='line_1_44' title="bbox 111 4662 2150 4788; baseline -0.001 -51"><span class='ocrx_word' id='word_1_604' title='bbox 111 4663 296 4737; x_wconf 84' lang='lat' dir='ltr'>Maiestati</span> <span class='ocrx_word' id='word_1_605' title='bbox 315 4666 424 4737; x_wconf 85' lang='lat' dir='ltr'>fuerit</span> <span class='ocrx_word' id='word_1_606' title='bbox 439 4667 570 4741; x_wconf 88' lang='lat' dir='ltr'>oblata</span> <span class='ocrx_word' id='word_1_607' title='bbox 619 4663 767 4740; x_wconf 83' lang='lat' dir='ltr'>Adhaec</span> <span class='ocrx_word' id='word_1_608' title='bbox 783 4669 1001 4749; x_wconf 76' lang='lat' dir='ltr'>audivimus</span> <span class='ocrx_word' id='word_1_609' title='bbox 1027 4692 1108 4738; x_wconf 82' lang='lat' dir='ltr'>etim</span> <span class='ocrx_word' id='word_1_610' title='bbox 1157 4680 1252 4788; x_wconf 80' lang='lat' dir='ltr'>quae</span> <span class='ocrx_word' id='word_1_611' title='bbox 1268 4662 1503 4787; x_wconf 85' lang='lat' dir='ltr'>deprehendit</span> <span class='ocrx_word' id='word_1_612' title='bbox 1526 4664 1664 4737; x_wconf 84' lang='lat' dir='ltr'>Eccms</span> <span class='ocrx_word' id='word_1_613' title='bbox 1685 4680 1756 4736; x_wconf 89' lang='lat' dir='ltr'>tam</span> <span class='ocrx_word' id='word_1_614' title='bbox 1770 4666 1962 4751; x_wconf 87' lang='lat' dir='ltr'>·,obfntnra</span> <span class='ocrx_word' id='word_1_615' title='bbox 2002 4679 2034 4736; x_wconf 93' lang='grc' dir='ltr'>ιι</span> <span class='ocrx_word' id='word_1_616' title='bbox 2065 4666 2150 4736; x_wconf 90' lang='lat' dir='ltr'>reli-</span> 
     </span>
     <span class='ocr_line' id='line_1_45' title="bbox 112 4764 2149 4863; baseline -0 -25"><span class='ocrx_word' id='word_1_617' title='bbox 112 4767 445 4857; x_wconf 76' lang='lat' dir='ltr'>insingnlosetiam</span> <span class='ocrx_word' id='word_1_618' title='bbox 461 4768 646 4854; x_wconf 88' lang='lat' dir='ltr'>articulos,</span> <span class='ocrx_word' id='word_1_619' title='bbox 678 4783 751 4840; x_wconf 91' lang='lat' dir='ltr'>tam</span> <span class='ocrx_word' id='word_1_620' title='bbox 775 4770 981 4841; x_wconf 80' lang='lat' dir='ltr'>conciliatos</span> <span class='ocrx_word' id='word_1_621' title='bbox 1001 4765 1107 4863; x_wconf 81' lang='lat' dir='ltr'>qna&#39;m</span> <span class='ocrx_word' id='word_1_622' title='bbox 1150 4772 1254 4861; x_wconf 78' lang='lat' dir='ltr'>‘ginni</span> <span class='ocrx_word' id='word_1_623' title='bbox 1271 4785 1304 4840; x_wconf 88' lang='lat' dir='ltr'>et</span> <span class='ocrx_word' id='word_1_624' title='bbox 1319 4770 1488 4862; x_wconf 90' lang='lat' dir='ltr'>imperio,</span> <span class='ocrx_word' id='word_1_625' title='bbox 1522 4768 1793 4839; x_wconf 81' lang='lat' dir='ltr'>sacratissimum</span> <span class='ocrx_word' id='word_1_626' title='bbox 1806 4764 2089 4839; x_wconf 85' lang='lat' dir='ltr'>Caesaremnon</span> <span class='ocrx_word' id='word_1_627' title='bbox 2110 4766 2149 4837; x_wconf 91' lang='lat' dir='ltr'>iu</span> 
     </span>
     <span class='ocr_line' id='line_1_46' title="bbox 113 4866 2148 4964; baseline 0 -25"><span class='ocrx_word' id='word_1_628' title='bbox 113 4892 191 4959; x_wconf 76' lang='lat' dir='ltr'>non</span> <span class='ocrx_word' id='word_1_629' title='bbox 202 4869 430 4950; x_wconf 75' lang='lat' dir='ltr'>conciliatos,</span> <span class='ocrx_word' id='word_1_630' title='bbox 459 4872 643 4940; x_wconf 80' lang='lat' dir='ltr'>mordaces</span> <span class='ocrx_word' id='word_1_631' title='bbox 657 4874 822 4943; x_wconf 77' lang='lat' dir='ltr'>censeres</span> <span class='ocrx_word' id='word_1_632' title='bbox 837 4873 1108 4958; x_wconf 74' lang='lat' dir='ltr'>consarcinasse,</span> <span class='ocrx_word' id='word_1_633' title='bbox 1155 4887 1314 4964; x_wconf 87' lang='lat' dir='ltr'>tempore</span> <span class='ocrx_word' id='word_1_634' title='bbox 1346 4870 1615 4956; x_wconf 84' lang='lat' dir='ltr'>admonuerim,</span> <span class='ocrx_word' id='word_1_635' title='bbox 1656 4885 1690 4942; x_wconf 84' lang='lat' dir='ltr'>et</span> <span class='ocrx_word' id='word_1_636' title='bbox 1723 4892 1822 4939; x_wconf 90' lang='lat' dir='ltr'>suam</span> <span class='ocrx_word' id='word_1_637' title='bbox 1851 4866 2074 4959; x_wconf 81' lang='lat' dir='ltr'>Maiestatem</span> <span class='ocrx_word' id='word_1_638' title='bbox 2108 4892 2148 4939; x_wconf 89' lang='lat' dir='ltr'>ac</span> 
     </span>
     <span class='ocr_line' id='line_1_47' title="bbox 112 4964 2149 5067; baseline -0 -27"><span class='ocrx_word' id='word_1_639' title='bbox 112 4971 245 5065; x_wconf 88' lang='lat' dir='ltr'>quibus</span> <span class='ocrx_word' id='word_1_640' title='bbox 259 4965 353 5039; x_wconf 90' lang='lat' dir='ltr'>nihil</span> <span class='ocrx_word' id='word_1_641' title='bbox 367 4973 466 5040; x_wconf 92' lang='lat' dir='ltr'>aliud</span> <span class='ocrx_word' id='word_1_642' title='bbox 490 4973 536 5043; x_wconf 91' lang='lat' dir='ltr'>sit</span> <span class='ocrx_word' id='word_1_643' title='bbox 557 4974 730 5059; x_wconf 73' lang='lat' dir='ltr'>ausurus,</span> <span class='ocrx_word' id='word_1_644' title='bbox 759 4996 865 5067; x_wconf 90' lang='lat' dir='ltr'>quam</span> <span class='ocrx_word' id='word_1_645' title='bbox 883 4985 941 5058; x_wconf 89' lang='lat' dir='ltr'>nt,</span> <span class='ocrx_word' id='word_1_646' title='bbox 974 4975 1003 5043; x_wconf 92' lang='lat' dir='ltr'>si</span> <span class='ocrx_word' id='word_1_647' title='bbox 1024 4998 1108 5065; x_wconf 89' lang='lat' dir='ltr'>pos-</span> <span class='ocrx_word' id='word_1_648' title='bbox 1150 4998 1277 5059; x_wconf 33' lang='lat' dir='ltr'>,omnes</span> <span class='ocrx_word' id='word_1_649' title='bbox 1298 4964 1404 5043; x_wconf 84' lang='lat' dir='ltr'>simul</span> <span class='ocrx_word' id='word_1_650' title='bbox 1429 4974 1572 5042; x_wconf 86' lang='lat' dir='ltr'>ordines</span> <span class='ocrx_word' id='word_1_651' title='bbox 1587 4994 1668 5044; x_wconf 90' lang='lat' dir='ltr'>cum</span> <span class='ocrx_word' id='word_1_652' title='bbox 1684 4972 1781 5043; x_wconf 84' lang='lat' dir='ltr'>tanta</span> <span class='ocrx_word' id='word_1_653' title='bbox 1798 4988 2078 5043; x_wconf 81' lang='lat' dir='ltr'>suarumrerum</span> <span class='ocrx_word' id='word_1_654' title='bbox 2095 4970 2149 5040; x_wconf 85' lang='lat' dir='ltr'>ia-</span> 
     </span>
     <span class='ocr_line' id='line_1_48' title="bbox 112 5069 2147 5160; baseline -0.001 -17"><span class='ocrx_word' id='word_1_655' title='bbox 112 5086 186 5157; x_wconf 89' lang='lat' dir='ltr'>set,</span> <span class='ocrx_word' id='word_1_656' title='bbox 206 5085 393 5158; x_wconf 84' lang='lat' dir='ltr'>astrueret,</span> <span class='ocrx_word' id='word_1_657' title='bbox 419 5069 513 5143; x_wconf 89' lang='lat' dir='ltr'>nihil</span> <span class='ocrx_word' id='word_1_658' title='bbox 532 5098 605 5145; x_wconf 89' lang='lat' dir='ltr'>esse</span> <span class='ocrx_word' id='word_1_659' title='bbox 620 5076 660 5145; x_wconf 92' lang='lat' dir='ltr'>in</span> <span class='ocrx_word' id='word_1_660' title='bbox 673 5090 749 5148; x_wconf 91' lang='lat' dir='ltr'>toto</span> <span class='ocrx_word' id='word_1_661' title='bbox 765 5076 877 5160; x_wconf 89' lang='lat' dir='ltr'>libro,</span> <span class='ocrx_word' id='word_1_662' title='bbox 894 5088 953 5147; x_wconf 88' lang='grc' dir='ltr'>,ιιι</span> <span class='ocrx_word' id='word_1_663' title='bbox 964 5074 1106 5149; x_wconf 87' lang='lat' dir='ltr'>Caesari</span> <span class='ocrx_word' id='word_1_664' title='bbox 1149 5088 1256 5147; x_wconf 84' lang='lat' dir='ltr'>¹ctura</span> <span class='ocrx_word' id='word_1_665' title='bbox 1287 5076 1326 5145; x_wconf 90' lang='lat' dir='ltr'>in</span> <span class='ocrx_word' id='word_1_666' title='bbox 1357 5070 1426 5145; x_wconf 91' lang='lat' dir='ltr'>hoc</span> <span class='ocrx_word' id='word_1_667' title='bbox 1453 5075 1603 5145; x_wconf 90' lang='lat' dir='ltr'>articulo</span> <span class='ocrx_word' id='word_1_668' title='bbox 1634 5086 1706 5143; x_wconf 88' lang='lat' dir='ltr'>tam</span> <span class='ocrx_word' id='word_1_669' title='bbox 1736 5074 1801 5143; x_wconf 90' lang='lat' dir='ltr'>din</span> <span class='ocrx_word' id='word_1_670' title='bbox 1830 5086 2025 5143; x_wconf 88' lang='lat' dir='ltr'>remoratae</span> <span class='ocrx_word' id='word_1_671' title='bbox 2064 5070 2147 5143; x_wconf 87' lang='lat' dir='ltr'>sint.</span> 
     </span>
     <span class='ocr_line' id='line_1_49' title="bbox 111 5164 2146 5269; baseline -0.002 -24"><span class='ocrx_word' id='word_1_672' title='bbox 111 5164 274 5245; x_wconf 77' lang='lat' dir='ltr'>redditus</span> <span class='ocrx_word' id='word_1_673' title='bbox 290 5186 352 5257; x_wconf 90' lang='lat' dir='ltr'>est,</span> <span class='ocrx_word' id='word_1_674' title='bbox 377 5178 473 5265; x_wconf 93' lang='lat' dir='ltr'>quod</span> <span class='ocrx_word' id='word_1_675' title='bbox 491 5198 566 5245; x_wconf 92' lang='lat' dir='ltr'>non</span> <span class='ocrx_word' id='word_1_676' title='bbox 582 5176 629 5249; x_wconf 88' lang='lat' dir='ltr'>sit</span> <span class='ocrx_word' id='word_1_677' title='bbox 644 5177 702 5247; x_wconf 87' lang='lat' dir='ltr'>v&#39;el</span> <span class='ocrx_word' id='word_1_678' title='bbox 718 5200 1029 5269; x_wconf 86' lang='lat' dir='ltr'>supervacaneum,</span> <span class='ocrx_word' id='word_1_679' title='bbox 1050 5179 1106 5247; x_wconf 89' lang='lat' dir='ltr'>vel</span> <span class='ocrx_word' id='word_1_680' title='bbox 1147 5178 1226 5251; x_wconf 86' lang='lat' dir='ltr'>&#39;Sed</span> <span class='ocrx_word' id='word_1_681' title='bbox 1251 5178 1359 5269; x_wconf 81' lang='lat' dir='ltr'>gratia</span> <span class='ocrx_word' id='word_1_682' title='bbox 1380 5174 1479 5259; x_wconf 88' lang='lat' dir='ltr'>Deo!</span> <span class='ocrx_word' id='word_1_683' title='bbox 1532 5174 1791 5260; x_wconf 84' lang='lat' dir='ltr'>illustrissima,</span> <span class='ocrx_word' id='word_1_684' title='bbox 1826 5173 1982 5244; x_wconf 88' lang='lat' dir='ltr'>lllustres</span> <span class='ocrx_word' id='word_1_685' title='bbox 2006 5186 2041 5243; x_wconf 89' lang='lat' dir='ltr'>et</span> <span class='ocrx_word' id='word_1_686' title='bbox 2063 5170 2146 5242; x_wconf 88' lang='lat' dir='ltr'>Ma-</span> 
     </span>
     <span class='ocr_line' id='line_1_50' title="bbox 111 5270 2147 5370; baseline 0.002 -27"><span class='ocrx_word' id='word_1_687' title='bbox 111 5299 319 5360; x_wconf 89' lang='lat' dir='ltr'>erroneum,</span> <span class='ocrx_word' id='word_1_688' title='bbox 352 5277 408 5343; x_wconf 89' lang='lat' dir='ltr'>vel</span> <span class='ocrx_word' id='word_1_689' title='bbox 432 5277 567 5347; x_wconf 90' lang='lat' dir='ltr'>nullius</span> <span class='ocrx_word' id='word_1_690' title='bbox 590 5280 635 5347; x_wconf 92' lang='lat' dir='ltr'>ad</span> <span class='ocrx_word' id='word_1_691' title='bbox 657 5283 918 5370; x_wconf 88' lang='lat' dir='ltr'>componendas</span> <span class='ocrx_word' id='word_1_692' title='bbox 940 5275 1004 5348; x_wconf 93' lang='lat' dir='ltr'>has</span> <span class='ocrx_word' id='word_1_693' title='bbox 1022 5280 1124 5348; x_wconf 92' lang='lat' dir='ltr'>reli-·</span> <span class='ocrx_word' id='word_1_694' title='bbox 1150 5280 1300 5369; x_wconf 83' lang='lat' dir='ltr'>&#39;gnificae</span> <span class='ocrx_word' id='word_1_695' title='bbox 1314 5277 1419 5363; x_wconf 81' lang='lat' dir='ltr'>Doni.</span> <span class='ocrx_word' id='word_1_696' title='bbox 1435 5278 1577 5348; x_wconf 85' lang='lat' dir='ltr'>Vestrae</span> <span class='ocrx_word' id='word_1_697' title='bbox 1599 5272 1692 5348; x_wconf 91' lang='lat' dir='ltr'>hanc</span> <span class='ocrx_word' id='word_1_698' title='bbox 1715 5270 1848 5347; x_wconf 90' lang='lat' dir='ltr'>habent</span> <span class='ocrx_word' id='word_1_699' title='bbox 1870 5277 1963 5367; x_wconf 88' lang='lat' dir='ltr'>apud</span> <span class='ocrx_word' id='word_1_700' title='bbox 1982 5272 2147 5367; x_wconf 73' lang='lat' dir='ltr'>Imperat.</span> 
     </span>
    </p>
   </div>
   <div class='ocr_carea' id='block_1_3' title="bbox 109 5373 2147 5467">
    <p class='ocr_par' dir='ltr' id='par_1_3' title="bbox 109 5373 2147 5467">
     <span class='ocr_line' id='line_1_51' title="bbox 109 5373 2147 5467; baseline 0 -21"><span class='ocrx_word' id='word_1_701' title='bbox 109 5376 228 5467; x_wconf 73' lang='lat' dir='ltr'>gioafis</span> <span class='ocrx_word' id='word_1_702' title='bbox 241 5374 433 5448; x_wconf 88' lang='lat' dir='ltr'>discordias</span> <span class='ocrx_word' id='word_1_703' title='bbox 447 5380 630 5449; x_wconf 87' lang='lat' dir='ltr'>momenti.</span> <span class='ocrx_word' id='word_1_704' title='bbox 680 5376 730 5451; x_wconf 86' lang='lat' dir='ltr'>Et</span> <span class='ocrx_word' id='word_1_705' title='bbox 744 5394 786 5452; x_wconf 89' lang='lat' dir='ltr'>ut</span> <span class='ocrx_word' id='word_1_706' title='bbox 801 5376 887 5452; x_wconf 89' lang='lat' dir='ltr'>haec</span> <span class='ocrx_word' id='word_1_707' title='bbox 901 5378 1106 5453; x_wconf 72' lang='lat' dir='ltr'>febricitans</span> <span class='ocrx_word' id='word_1_708' title='bbox 1151 5380 1376 5453; x_wconf 77' lang='lat' dir='ltr'>Maiestatem</span> <span class='ocrx_word' id='word_1_709' title='bbox 1415 5378 1659 5453; x_wconf 76' lang='lat' dir='ltr'>inviolabilem</span> <span class='ocrx_word' id='word_1_710' title='bbox 1691 5379 1816 5458; x_wconf 86' lang='lat' dir='ltr'>fidem,</span> <span class='ocrx_word' id='word_1_711' title='bbox 1856 5373 1949 5447; x_wconf 88' lang='lat' dir='ltr'>hauc</span> <span class='ocrx_word' id='word_1_712' title='bbox 1983 5378 2147 5449; x_wconf 82' lang='lat' dir='ltr'>obtinent</span> 
     </span>
    </p>
   </div>
   <div class='ocr_carea' id='block_1_4' title="bbox 0 0 2269 5748">
    <p class='ocr_par' dir='ltr' id='par_1_4' title="bbox 0 0 2269 5748">
     <span class='ocr_line' id='line_1_52' title="bbox 0 0 2269 5748; baseline 0 0"><span class='ocrx_word' id='word_1_713' title='bbox 0 0 2269 5748; x_wconf 95' lang='lat' dir='ltr'> </span> 
     </span>
    </p>
   </div>
  </div>
 </body>
</html>
