4522 5752
600 102 609 109 ·
684 106 1120 189 nrrsrotanuu
1171 107 1280 189 mn
1312 108 1415 191 vuc-
1467 74 1613 203 assa

126 290 219 362 tulos
239 284 411 360 habemus
425 283 704 381 Episcoporum,
734 281 930 378 Episcopos
954 285 1018 379 qui
1041 285 1121 357 olli-
1171 279 1219 355 Et
1233 284 1379 378 quidem
1393 285 1576 357 doeendus
1592 288 1906 385 est-agistrptus,
1928 292 2169 385 mutlip-
2194 327 2205 372 ι

128 394 221 463 cium
250 414 353 460 suum
380 391 528 474 faciant,
566 413 641 458 non
667 382 849 458 babemus.
906 385 998 460 Cum
1024 387 1120 457 enirn
1173 400 1227 456 ter
1252 386 1407 456 officium
1434 398 1554 459 suum'
1570 390 1836 467 administret.-
1870 392 1969 465 Nam
2002 396 2153 473 rinnau
2196 430 2205 476 ι

128 509 281 588 quatuor
293 494 364 562 sint
380 493 566 585 praecipua
581 487 749 583 Episcopi
774 490 909 574 officia,
936 491 1063 560 docere
1087 503 1122 559 et
1173 484 1257 557 huic
1278 488 1404 578 gradui
1425 492 1673 563 contruendata
1697 507 1750 566 est
1772 494 1988 589 discipliuae
2012 510 2154 575 extende
2198 532 2205 579 ι

128 596 324 687 gubernare
344 595 558 673 doctrinam,
585 593 751 662 ordinare
767 605 802 662 et
820 592 1001 684 explorare
1023 592 1122 661 ordi·
1174 590 1393 663 conservatio
1435 605 1471 664 et
1497 591 1694 681 defensio,
1717 610 1760 671 ut
1781 593 1922 669 Paulus
1948 600 2075 688 docet,
2112 602 2157 675 ir-
2203 592 2205 625 ³

129 699 284 781 nandos,
308 719 465 789 praeesse
478 695 621 766 iudiciis
634 690 905 780 Ecclesiasticis,
931 707 966 765 et
981 694 1122 766 visitare
1174 692 1316 787 quiens,
1347 693 1591 784 magistratum
1612 690 1751 769 honore
1772 698 1922 773 afficere
1937 700 2037 795 bona
2057 726 2158 797 oper,
2203 772 2205 779 .

34 842 37 849 ·
129 798 320 893 Ecclesias:
354 798 468 868 nostri
490 793 661 888 Episcopi
688 797 727 865 in
746 793 940 866 Germania
961 795 1021 865 vir
1041 820 1121 866 um·
1175 807 1318 865 econtra
1339 819 1424 866 vero
1446 797 1716 871 formidandum
1739 823 1814 873 esse
1833 800 1955 879 malis.
2005 802 2081 877 Nee
2102 807 2160 879 ui·

129 904 232 971 bram
250 916 284 972 et
300 899 535 971 ceremoniam
559 899 666 970 unius
688 898 846 967 muueris
869 899 1043 984 retinent,
1066 898 1123 967 vi·
1174 919 1240 987 gua
1262 921 1403 967 morum
1427 899 1609 991 corruptio
1631 901 1718 972 inde
1740 916 1820 975 orta
1843 917 1915 992 est,
1944 908 2048 1001 quod
2060 908 2160 983 loru!

131 1004 276 1084 delicet,
302 1002 564 1072 ordinationem
578 1001 655 1069 sine
669 1000 922 1092 exploratione.
974 996 1121 1070 Interim
1173 995 1461 1070 Ecclesiastieum
1475 1000 1663 1093 impedivit
1674 1005 1923 1097 magistratum
1943 1006 2107 1097 civitem,
2124 1036 2161 1087 ue

132 1117 254 1175 tenent
280 1103 413 1196 amplas
438 1104 612 1189 ditiones,
646 1126 733 1196 quas
761 1127 842 1172 cum
862 1102 1122 1187 administrant,
1175 1100 1372 1195 inquireret
1385 1116 1447 1174 aut
1468 1103 1613 1195 puniret
1634 1106 1819 1179 adulteria.
1869 1106 1930 1181 Sit
1950 1110 2066 1203 igitur
2086 1114 2163 1205 rigi-

60 1240 66 1247 ·
129 1209 259 1277 ducum
307 1206 432 1276 officiis
471 1207 689 1294 funguntur,
737 1228 812 1273 non
850 1200 1122 1297 Episcoporum.
1174 1202 1252 1273 lans
1267 1216 1301 1273 et
1317 1227 1396 1274 acer
1411 1204 1634 1296 magistratus
1649 1208 1735 1281 sciat
1759 1233 1796 1281 se
1818 1208 2039 1305 disciplinae
2061 1228 2164 1289 eune

48 1322 53 1331 ’
131 1308 230 1398 Quas
257 1306 288 1377 si
318 1308 446 1377 volunt
471 1308 643 1391 retinere,
681 1305 874 1375 nonenim
899 1307 1124 1398 impedimus,
1175 1305 1257 1374 dem
1286 1329 1359 1375 esse
1391 1305 1566 1378 divinitus
1591 1308 1630 1378 in
1662 1304 1729 1381 hec
1762 1313 1916 1385 statione
1951 1315 2163 1395 collocatum.

131 1411 347 1481 deliberetur
371 1411 415 1479 de
439 1408 561 1495 certis,
594 1408 656 1503 qui
681 1430 762 1476 vere
784 1422 907 1498 regant
931 1403 1122 1478 Ecclesias:
1177 1405 1325 1477 luterim
1347 1420 1466 1478 tamen
1489 1405 1728 1483 Ecclesiastici
1752 1412 1888 1485 iudices
1912 1438 2026 1489 suum
2048 1420 2166 1493 saciant

130 1527 165 1584 et
181 1525 340 1605 utsupra
355 1511 487 1582 dietum
505 1523 575 1590 est,
600 1523 760 1603 oportere
780 1510 822 1595 in
846 1510 1004 1605 qualibet
1023 1510 1123 1581 dioe-
1176 1509 1343 1583 officium.
1392 1505 1442 1579 Et
1457 1511 1539 1604 quia
1563 1514 1603 1582 in
1619 1514 1741 1585 multis
1754 1516 1842 1587 locis
1853 1516 1973 1589 civilis
1989 1520 2165 1613 magistre·

131 1615 201 1684 cesi
217 1636 290 1683 esse
313 1626 425 1683 certos
447 1614 600 1682 delectos
624 1614 737 1696 viros,
764 1612 826 1705 qui
848 1612 1005 1704 praesint
1024 1613 1124 1683 ordi·
1176 1625 1232 1681 tus
1258 1636 1300 1681 ex
1325 1612 1478 1705 quadam
1500 1614 1613 1686 veteri
1643 1629 1678 1687 et
1700 1640 1809 1709 prava
1833 1622 2101 1695 consuetudine
2118 1646 2166 1695 ss-

4 1714 11 1725 ’
132 1717 290 1800 nationi,
323 1729 357 1786 et
383 1714 616 1807 explorationi
641 1713 944 1800 ordinandorum,
971 1714 1019 1785 ita
1043 1715 1124 1800 sint,
1176 1713 1280 1802 gnior
1295 1713 1399 1782 estin
1414 1714 1605 1806 puniendis
1621 1718 1823 1804 adulteriis,
1850 1719 1933 1794 ideo
1957 1739 2118 1816 pastores
2135 1740 2164 1799 et

132 1842 193 1889 seu
214 1818 321 1887 iidem
344 1841 405 1886 seu
430 1816 511 1901 alii,
537 1817 598 1909 qui
619 1815 776 1906 praesint
791 1816 932 1887 iudiciis
947 1812 1125 1887 Ecclesia·
1176 1810 1562 1887 iudicesEcclesiastici
1581 1820 1653 1891 sint
1671 1821 1915 1913 diligentiores
1938 1824 1981 1895 in
2005 1849 2073 1901 suo
2096 1827 2164 1899 offi-
2203 1852 2205 1903 :

132 1921 245 2005 sticis,
273 1934 307 1990 et
322 1918 467 1990 visitent
479 1914 666 1991 Ecclesias.
1176 1917 1242 1991 cio.
1291 1914 1417 1987 Pastor
1435 1920 1626 1991 admoneat
1645 1923 1818 1994 obnoxios
1843 1925 2084 2017 criminibus,
2110 1924 2164 2001 ad·
2203 1954 2205 1963 ·

231 2067 416 2159 Fungatur
437 2065 546 2156 igitur
580 2090 663 2136 vero
698 2091 847 2137 munere
867 2061 1035 2160 Episcopi
1062 2091 1124 2137 seu

128 2195 221 2243 unus
237 2170 366 2265 aliquis
382 2183 476 2240 eerto
493 2169 583 2253 loeo,
611 2163 672 2236 seu
685 2161 771 2238 haec
792 2169 933 2239 decuria
955 2169 1124 2240 iudicum.

128 2269 277 2344 Necesse
300 2286 352 2342 est
375 2271 470 2341 enim
492 2271 529 2339 in
547 2266 705 2341 Ecclesia
732 2294 804 2341 esse
823 2272 961 2364 aliquos
975 2272 1124 2342 idoneos

131 2377 385 2468 gubernatores
409 2373 591 2443 doctrinae
611 2386 648 2443 et
669 2373 919 2447 ordinationis.
976 2372 1124 2444 Necesse

132 2491 184 2547 est
206 2476 336 2547 iudicia
360 2475 512 2545 exerceri
538 2477 582 2545 de
597 2475 780 2560 doctrina,
806 2477 899 2546 etde
917 2489 1124 2546 controver-

132 2580 194 2649 siis
216 2578 453 2670 sponsalium,
482 2579 526 2646 de
548 2576 722 2646 divortiis.
777 2575 926 2647 Necesse
946 2590 998 2647 est
1021 2579 1125 2649 resti-

130 2681 185 2752 tui
209 2680 606 2752 excommunicationem
629 2680 832 2749 mandatam
855 2678 893 2748 in
916 2674 1124 2769 Evangelio.

131 2781 239 2853 Hunc
252 2778 422 2874 Episcopi
437 2781 625 2862 vicarium,
652 2804 712 2850 seu
726 2776 817 2851 hanc
835 2781 1012 2851 decuriam
1030 2782 1125 2852 iudi-

132 2911 213 2956 cum
229 2896 370 2955 tueatur
383 2884 463 2968 ille,
488 2884 551 2977 qui
567 2883 711 2955 titulum
730 2896 824 2953 tenet
836 2880 1016 2976 Episcopi.

234 3030 361 3103 Iamsi
386 3034 533 3124 collegia
554 3028 727 3104 haberent
751 3035 847 3105 viros
874 3036 1021 3120 doctos,
1047 3035 1125 3125 pios

132 3153 164 3206 et
180 3137 402 3207 exercitatos:
427 3136 726 3226 expeditissimum
743 3150 830 3206 esset
848 3137 961 3226 legere
977 3131 1042 3206 hos
1069 3138 1125 3206 iu-

131 3240 224 3309 dices
243 3264 283 3307 ex
298 3238 464 3328 collegiis.
515 3236 586 3308 Sed
603 3239 855 3309 addendisunt
876 3239 988 3332 aliqui
1010 3234 1124 3308 hone-

131 3343 191 3424 sti,
224 3365 345 3431 graves
385 3354 418 3410 et
451 3341 545 3408 docti
571 3340 639 3409 viri
675 3340 768 3416 laici.
834 3337 883 3410 Et
912 3341 950 3410 in
976 3341 1125 3431 singulis

132 3444 351 3513 dioecesibus
374 3466 436 3531 pro
460 3442 705 3531 magnitudine
722 3445 842 3535 plures
859 3443 944 3513 tales
962 3444 1126 3513 decuriae

132 3545 290 3614 iudicum
309 3545 580 3626 constituantur,
606 3546 665 3613 sed
684 3545 730 3613 sit
744 3569 814 3612 una
830 3569 1007 3636 suprema,
1025 3570 1126 3638 quae,

132 3661 171 3718 nt
190 3645 323 3714 dictum
345 3658 414 3729 est,
441 3645 470 3711 si
484 3645 582 3713 velut
597 3645 726 3714 vicaria
743 3644 923 3737 Episcopi.

235 3795 284 3872 Ut
304 3811 420 3868 autem
444 3794 599 3868 habeant
620 3794 688 3866 hae
711 3798 873 3869 decuriae
895 3792 1041 3870 honesta
1063 3801 1127 3872 sti-

133 3903 282 3997 pendia,
305 3916 417 3972 certae
442 3902 664 3993 praebendae
690 3923 753 3969 seu
768 3914 861 3970 certa
877 3902 1041 3991 collegia,
1065 3928 1127 3973 seu

132 4005 268 4074 reditus
286 4004 582 4073 monasteriorum
599 4006 642 4073 ad
664 3997 729 4071 hos
750 4027 835 4073 usus
859 4005 1127 4079 transferantur.

134 4105 276 4195 Quanta
304 4120 354 4175 cst
382 4106 476 4174 euim
499 4108 602 4175 turba
623 4104 818 4176 otiosorum
835 4119 868 4174 et
882 4104 1128 4195 ignavissimo-

134 4234 213 4278 rum
237 4206 424 4277 hominum
446 4232 543 4277 nunc
565 4208 604 4275 in
628 4208 783 4296 collegiis
805 4209 1031 4299 etopulentis
1049 4235 1127 4280 mo-

135 4311 319 4380 nastcriis?

236 4456 404 4543 Constat,
430 4458 551 4548 exigua
567 4457 715 4550 pecunia
733 4459 826 4546 apud
844 4458 1010 4528 officiales
1026 4484 1127 4551 posse

134 4560 281 4649 transigi
306 4562 349 4628 de
371 4585 485 4650 poena
508 4561 621 4652 stupri
647 4573 707 4657 aut
732 4560 911 4630 adulterii.
962 4559 1058 4631 Haec
1076 4563 1127 4632 le-

133 4664 226 4733 nitas
248 4676 351 4750 auget
370 4661 559 4733 licentiam.
610 4659 694 4731 ldco
719 4662 885 4733 severitas
912 4662 1127 4735 iudiciorum

1176 2017 1333 2103 ulteriis,
1372 2015 1550 2111 Epicureo
1572 2026 1767 2097 contemtui
1789 2025 1977 2117 religionis
2001 2027 2164 2105 Christis·

1176 2146 1261 2205 nae,
1283 2116 1499 2213 blasphcmis
1521 2127 1762 2213 sermonibus,
1792 2128 1983 2220 periuriis,
2016 2147 2081 2208 aut
2098 2134 2164 2205 aliis

1176 2221 1396 2297 criminibus.
1449 2223 1489 2295 si
1510 2228 1715 2299 admonitus
1741 2254 1815 2301 non
1838 2232 2038 2325 pollicetur
2059 2260 2165 2308 emen-
2202 2252 2205 2295 ἰ

1176 2326 1355 2397 dationem
1372 2351 1533 2411 morum,
1559 2329 1693 2403 delerat
1709 2356 1790 2402 eum
1813 2334 1982 2408 decuriae
2005 2337 2163 2425 iudicum,
2203 2324 2205 2363 ⁵

1175 2423 1233 2512 hi,
1257 2424 1297 2498 re
1323 2428 1492 2521 inquisita
1510 2423 1569 2524 ⁸),
1600 2434 1811 2506 sententiam
1834 2442 2162 2513 excommunicatio-

1175 2530 1232 2598 nis
1259 2531 1375 2599 lerant
1403 2532 1572 2601 adversus
1602 2558 1721 2622 reum,
1757 2560 1797 2607 ac
1824 2539 2053 2630 magistratui
2079 2542 2162 2613 cirili
2203 2616 2205 2627 ,

1176 2654 1275 2701 suam
1295 2632 1507 2703 sententiam
1522 2633 1693 2711 indicent.
2203 2648 2205 2653 ’

1278 2761 1327 2834 Et
1349 2765 1396 2836 ita
1418 2766 1490 2836 sint
1513 2769 1702 2841 constituta
1728 2771 1860 2843 iudicia
1884 2774 2054 2859 delectis,
2079 2792 2161 2851 certo

1176 2890 1325 2936 numero
1342 2867 1428 2936 viris
1444 2870 1632 2957 gravibus,
1653 2873 1766 2944 doctis
1782 2890 1816 2947 et
1831 2876 1957 2958 iustis,
1983 2901 2029 2949 ne
2054 2896 2163 2975 pastor

1177 2982 1238 3038 aut
1252 2970 1439 3063 quisquam
1460 2971 1551 3040 alius
1572 2972 1736 3045 videatur
1757 2977 1841 3047 odio
1864 2980 1986 3069 potius
2006 3004 2103 3053 reum
2126 2982 2162 3051 iu

1177 3070 1373 3161 periculum
1388 3073 1573 3158 adducere,
1599 3099 1705 3167 quam
1723 3079 1859 3147 moveri
1878 3082 1923 3148 ad
1938 3086 2165 3155 accusandum

1177 3173 1285 3242 officii
1306 3173 1454 3242 ratione.
1504 3172 1576 3245 Nec
1602 3178 1706 3247 liceat
1726 3181 1792 3249 soli
1817 3183 1952 3271 pastori
1976 3185 2072 3261 serre
2092 3210 2164 3256 sen-

1176 3275 1322 3344 tentiam
1359 3278 1754 3367 excommunicationis,
1795 3283 1874 3353 sine
1907 3285 1984 3355 ulla
2016 3288 2165 3359 iudicum

1177 3376 1339 3461 decuria,
1366 3390 1427 3446 aut
1444 3379 1585 3448 nemine
1599 3376 1759 3454 adhibito
1775 3408 1815 3453 ex
1830 3380 2099 3462 honestioribus
2117 3390 2167 3458 ri-

1176 3478 1227 3547 ris
1242 3477 1527 3553 suae-Ecclesiae.
1579 3479 1627 3552 Ut
1640 3484 1735 3553 enim
1751 3502 1925 3558 vocantur
1938 3483 2029 3562 haec
2045 3492 2167 3563 iudicia

1178 3577 1371 3665 Ecclesiae,
1410 3581 1458 3650 ita
1478 3596 1561 3651 sunt
1584 3584 1703 3673 plures
1728 3583 1943 3673 adhibendi,
1976 3606 2021 3663 ut
2042 3578 2167 3665 Paulus

1179 3683 1304 3753 voluit.
1369 3681 1550 3775 Tyrannis
1581 3700 1633 3756 est
1660 3687 1804 3758 inimica
1835 3687 2030 3768 Ecclesiae.
2090 3693 2167 3765 Ideo

1179 3786 1311 3875 species
1334 3784 1450 3853 omnis
1473 3789 1673 3879 tyrannidis
1695 3790 1734 3858 in
1750 3787 1930 3864 Ecclesiae
1952 3795 2099 3868 iudiciis
2116 3798 2168 3869 fu·

1179 3887 1306 3976 gienda
1327 3900 1387 3956 est.

1280 4018 1381 4093 Xlll.
1403 4019 1470 4090 His
1485 4023 1637 4092 decuriis
1654 4024 1813 4097 iudicum
1827 4034 2112 4105 commendanda
2123 4049 2169 4107 est

1179 4119 1588 4209 visitatioEcclesiarnm,
1613 4127 1678 4195 ubi
1693 4128 1737 4198 de
1753 4129 1913 4201 doctrina
1921 4148 2107 4224 pastorum
2116 4136 2170 4209 fiat

1179 4224 1376 4316 inquisitio.
1428 4223 1666 4298 Coerceantur
1681 4231 1875 4320 petulantia
1892 4235 2061 4324 ingenia,
2086 4263 2168 4335 quae

1179 4340 1301 4395 serunt
1314 4326 1400 4394 salsa
1425 4329 1611 4417 dogmata,
1637 4331 1809 4402 tollantur
1827 4337 2116 4428 superstitiones,
2139 4355 2170 4413 et

1178 4440 1312 4496 statuae
1337 4430 1382 4496 ad
1407 4452 1495 4521 quas
1517 4430 1607 4502 liunt
1634 4457 1845 4520 concursus,
1881 4449 1915 4507 et
1938 4439 2169 4531 inspiciantur

1179 4528 1284 4600 etiam
1301 4522 1459 4616 scholae,
1485 4543 1520 4600 et
1534 4533 1781 4621 gubernentur
1795 4538 1923 4613 studia.

1279 4661 1352 4732 Nec
1368 4664 1528 4733 officinae
1543 4662 1815 4761 typographicae
1835 4673 2072 4767 negligendae
2084 4694 2171 4755 sunt.

133 4780 166 4836 et
196 4787 390 4857 poenarum
425 4764 641 4833 restituenda
674 4777 737 4837 est.
807 4764 860 4834 llc
893 4765 1050 4855 primum
1083 4769 1126 4837 de
1178 4762 1379 4835 Plurimum
1409 4766 1503 4834 enim
1525 4768 1648 4854 refert,
1694 4773 1815 4863 quales
1849 4775 1934 4846 libri
1963 4782 2115 4854 veniant
2135 4783 2172 4852 in

132 4867 301 4938 omnibus
322 4864 529 4933 criminibus
551 4857 619 4935 hoc
641 4878 809 4937 servetur.
860 4862 1001 4936 Habeat
1021 4892 1125 4939 suum
1178 4891 1303 4937 manus
1328 4863 1535 4952 hominum,
1569 4874 1855 4968 cavendumque,
1888 4901 1934 4947 ne
1963 4896 2171 4975 spargantur

132 4972 187 5040 ius
201 4968 423 5057 magistratus
445 4967 570 5039 civilis.
623 4964 671 5037 Ut
685 4991 725 5036 ex
742 4967 856 5036 officio
872 4966 1045 5039 laicorum
1062 4972 1124 5040 de-
1177 4967 1286 5060 impia
1303 4972 1465 5060 dogmata
1482 4982 1544 5040 aut
1558 4972 1684 5043 famosi
1706 4975 1830 5046 libelli.
1883 4976 1970 5051 ldeo
1989 4986 2170 5075 magistra·

131 5073 212 5142 licta
237 5069 388 5163 inquirit
412 5084 446 5138 et
472 5069 591 5160 punit,
616 5069 664 5136 ita
688 5070 886 5138 sacerdotes
909 5093 989 5140 reos
1007 5071 1124 5142 mani·

130 5176 300 5246 festorum
317 5170 523 5257 criminum,
548 5170 679 5260 stupri,
705 5170 889 5257 adulterii,
913 5172 1018 5257 furti,
1045 5199 1124 5243 cae-

108 5276 206 5336 ffl.
241 5287 277 5344 et
299 5273 489 5359 similium,
522 5273 649 5366 puniat
672 5295 817 5344 suarum
841 5274 958 5366 legum
986 5276 1122 5368 poenis.
1209 5302 1239 5373 a)
1258 5304 1323 5358 Boc.
1342 5306 1490 5373 exquisita.
