4522 5752
68 180 150 271 us
644 120 1083 267 auricomum
1129 147 1568 266 ctr.·v1n;·1su.
1670 292 1676 303 θ
2043 174 2134 269 aa
2207 166 2210 171 ·

67 360 234 461 proprie,
266 346 532 457 tteopptteiui.
574 356 663 433 -Νεε
682 363 828 454 prodest
844 361 927 455 ipsa
947 360 1078 435 eurutio
1126 339 1264 432 bonoie
1279 334 1495 440 afficiamus,
1520 372 1556 432 et
1570 370 1739 431 testemur
1748 348 1762 446 ,'
1791 346 1889 432 hune
1902 314 1984 432 vere¹
1999 352 2119 435 Deum

66 479 219 561 propter
233 480 385 559 gestam,
409 486 483 551 eeu,
504 477 547 551 ut
560 464 667 554 vulgo
682 464 954 565 loquuntur,ex
972 488 1078 557 opere
1124 486 1219 549 esse,
1253 486 1359 558 quem
1382 464 1432 534 sic
1454 462 1623 547 colimus,
1652 461 1805 533 fatemur
1830 476 1866 535 et
1887 486 1974 550 nos,
2005 477 2117 537 totam

67 579 236 662 operato,
261 591 329 638 nec
342 579 489 659 propter
510 566 701 639 sacerdotis
715 588 822 662 opus,
852 568 915 638 sed
930 567 1076 660 propria
1122 565 1298 637 actionem
1319 564 1482 654 incoena
1505 563 1713 636 sacrificinm
1734 586 1828 650 esse,
1858 565 1952 637 sicut
1972 581 2008 640 et
2021 567 2117 649 anti,-

67 671 140 743 frde
154 684 190 743 et
204 670 383 742 sumtioue
398 670 437 741 bt
451 669 652 763 applicatio.
946 704 982 713 ··
1122 668 1238 762 quitas
1258 667 1375 738 locuta
1400 680 1462 740 est.
1516 663 1566 739 Et
1585 666 1811 737 manifestum
1831 680 1903 752 cst,
1932 669 2117 741 verissima
2227 704 2230 711 ·

167 769 270 854 llaec
289 772 382 845 fiunt
398 766 440 867 ¹²)
480 771 635 844 illustria
658 768 800 843 iuvere
822 770 1075 855 consolatione,
1119 769 1288 841 sacrificia
1303 791 1395 856 esse,
1425 768 1707 853 invocationem,
1741 769 1865 856 fidem,
1890 792 2009 861 spem,
2041 772 2116 863 lae-

66 898 153 947 cum
173 873 263 946 fides
283 873 396 948 vincit
418 896 583 966 pavores,
621 871 766 944 intuens
787 874 985 946 bonitatem
1006 872 1073 943 lilii
1120 872 1237 943 titiam
1259 870 1512 957 conscientiae,
1542 871 1734 962 gratiarum
1752 871 1945 957 actionem,
1976 875 2140 961 confes,

64 972 157 1065 Dei,
180 976 244 1072 qui
266 969 336 1046 hoc
358 974 563 1049 testimonio
585 999 651 1045 nos
675 975 746 1046 sibi
769 974 951 1067 adiungit,
977 974 1074 1047 etin
1118 973 1273 1061 sionem,
1298 976 1434 1044 bonum
1447 974 1689 1066 propositum,
1718 996 1809 1068 quae
1828 973 1949 1044 omnia
1963 996 2115 1046 concur·

66 1072 138 1151 bac
154 1076 561 1171 consolationeSpiritus
576 1090 718 1149 sauctus
732 1090 784 1148 cst
799 1078 931 1160 efficax,
949 1099 1074 1149 accen·
1118 1100 1196 1147 rere
1211 1078 1250 1146 in
1266 1101 1375 1147 coena
1388 1068 1537 1147 Domini
1553 1098 1692 1148 neccsse
1709 1088 1772 1149 est.
1820 1071 1870 1146 Et
1883 1072 2013 1146 borum
2028 1100 2116 1170 ope-

66 1180 123 1252 dit
157 1179 439 1264 invocationem,
478 1180 671 1271 gratiarum
702 1178 896 1264 actionem,
936 1178 1073 1251 bonum
1117 1202 1198 1248 rum
1218 1180 1381 1250 omnium
1404 1178 1565 1248 sacerdos
1584 1188 1636 1249 est
1656 1172 1844 1250 inchoator
1866 1173 1931 1250 καὶ
1949 1174 2113 1277 ἔξαρχος,

67 1280 311 1375 propositum,
336 1281 475 1373 cratim
490 1283 569 1376 pios
588 1294 718 1368 motus,
742 1295 784 1353 ut
805 1278 951 1364 'salibi''
970 1305 1072 1374 saepe
1117 1280 1181 1375 qui
1203 1282 1350 1351 nomine
1368 1279 1555 1351 universae
1575 1276 1755 1350 Ecclesiae
1781 1281 1853 1371 agit
1873 1279 2003 1370 gratias
2025 1278 2115 1368 Deo,

68 1384 214 1479 copiose
238 1382 438 1476 exponitur.
572 1412 576 1419 ·
1117 1384 1215 1476 quod
1232 1384 1368 1454 miserit
1395 1382 1531 1466 tilium,
1563 1396 1597 1454 et
1623 1381 1827 1452 mirandum
1857 1381 2037 1453 decretum
2068 1376 2114 1453 d'e

168 1482 277 1557 Hunc
291 1509 366 1558 esse
379 1508 503 1556 verum
519 1485 870 1573 sacramenti-usum,
892 1507 998 1581 quem
1014 1508 1072 1554 re·
1115 1485 1334 1558 redemtione
1354 1484 1573 1575 patefecerit,
1599 1485 1696 1579 quod
1715 1484 1858 1574 colligat
1882 1497 1917 1555 et
1938 1497 2055 1556 servet
2070 1479 2113 1582 ²⁸)

66 1587 288 1673 censuimus,
312 1582 407 1659 nihil
426 1588 577 1660 dubium
593 1601 660 1674 cst;
695 1590 740 1659 dc
760 1583 829 1659 boc
851 1612 919 1659 usu
933 1585 1072 1680 praeci·
1116 1596 1292 1657 aeternam
1317 1585 1522 1656 Ecclesiam.
1573 1583 1700 1655 Postea
1720 1597 1756 1656 et
1779 1587 1874 1656 bona
1895 1586 2003 1678 petit,
2025 1610 2113 1679 pro-

66 1712 137 1782 pue
163 1685 474 1760 doceriEcclesias
491 1689 659 1761 omnibus
681 1690 900 1783 temporibus
919 1702 1070 1782 oportet.
1115 1701 1194 1780 pter
1219 1684 1317 1760 bunc
1341 1688 1477 1772 filium,
1505 1687 1653 1758 nomine
1670 1683 1866 1774 Ecclesiae,
1893 1701 1929 1760 et
1947 1684 2115 1782 populus,

66 1789 140 1865 sed
164 1791 342 1863 obiiciunt
367 1790 497 1885 aliqui,
530 1815 597 1862 nos
628 1792 781 1862 retinere
802 1816 911 1864 unam
933 1805 1069 1884 partem
1114 1792 1263 1861 audiens
1284 1785 1378 1860 hanc
1396 1789 1575 1883 publicam
1599 1789 1793 1881 gratiarum
1816 1790 2014 1877 actionem,
2047 1791 2112 1860 ad-

64 1892 213 1979 missae,
239 1892 372 1965 scilicet
393 1917 497 1964 usum
515 1890 744 1980 Sacramenti,
767 1894 969 1989 relinquere
983 1915 1069 1962 vero
1114 1891 1230 1984 iungit
1244 1917 1307 1963 sua
1322 1905 1418 1965 vota.
1767 1892 1769 1899 '
2074 1886 2092 1983 Ἰ

65 1994 216 2067 alteram
229 2008 375 2087 partem,
389 1995 522 2067 scilicet
535 1996 764 2083 oblationem,
779 2019 869 2090 quae
882 1993 1068 2089 proprium
1214 1993 1274 2066 Sic
1294 2017 1360 2065 nos
1390 1993 1459 2086 ipsi
1483 1996 1652 2065 adsumus
1668 2017 1797 2065 coenae
1819 1990 1986 2081 Domini,
2016 1989 2110 2065 hauc

65 2096 257 2169 sacerdotis
274 2121 364 2189 opus
380 2110 441 2183 εει,
467 2112 502 2169 ει
515 2097 738 2174 sacrificium.
781 2094 864 2182 Hic,
888 2097 1068 2192 inquiunt,
1113 2096 1305 2187 gratiarum
1336 2096 1512 2166 actionem
1537 2120 1621 2166 cnm
1650 2096 1788 2189 reliqua
1810 2091 1967 2166 Ecclesia
1992 2110 2111 2169 mente

67 2196 151 2289 iuge
167 2198 376 2271 sacrificium
386 2198 564 2275 omittitis.
590 2195 703 2270 Atrox
714 2199 888 2271 accusatio
898 2213 960 2285 est,
977 2223 1067 2294 quae
1112 2213 1147 2269 et
1169 2200 1291 2289 lingua
1312 2199 1508 2273 recitantes.
1566 2195 1731 2270 Retineri
1752 2197 1862 2289 igitur
1881 2196 2002 2268 omnia
2023 2199 2111 2269 sub·

65 2300 226 2393 primum
235 2295 304 2372 hoc
317 2301 424 2372 modo
434 2304 617 2394 perspicue
625 2302 816 2373 refutatur:
835 2299 1067 2373 Fatemurto-
1111 2302 1288 2372 stantialis
1304 2301 1467 2371 sacrificii
1482 2299 1708 2371 manifestum
1727 2312 1798 2385 est,
1823 2311 1858 2369 et
1873 2299 1922 2368 sic
1937 2301 1982 2370 de
1997 2299 2109 2397 sacri-
2174 2344 2177 2349 ·

64 2415 141 2475 tam
151 2403 326 2474 actionem
335 2399 621 2475 coenaeDomini
634 2403 844 2475 sacrificium
855 2403 982 2489 laudis,
995 2426 1066 2488 seu,
1111 2404 1189 2473 ficio
1205 2403 1365 2497 loquitur
1377 2399 1405 2486 †
1415 2401 1508 2494 ipsa''
1521 2414 1688 2489 vetustas,
1702 2426 1792 2496 quae
1805 2425 1880 2474 nou
1890 2400 2109 2493 intelligebat

64 2518 106 2577 ut
122 2517 266 2589 vocant,
290 2505 662 2577 commemorationem
672 2529 762 2576 esse.-
787 2519 823 2577 et
841 2530 892 2592 ea,
917 2528 1008 2599 quae
1021 2505 1066 2575 ad
1112 2520 1246 2595 gestum
1264 2505 1419 2599 aliquem
1442 2504 1650 2574 sacrificium
1668 2526 1759 2590 esse,
1789 2505 1851 2575 sed
1868 2516 1977 2575 totam
1993 2502 2108 2575 actio·
2213 2558 2217 2567 .

63 2604 149 2677 talis
156 2604 318 2676 sacrificii
327 2606 559 2679 substantiam
570 2607 759 2699 pertinent,
770 2608 894 2679 omnia
907 2607 1065 2680 retinen·
1111 2632 1206 2694 nem,
1220 2605 1549 2679 utGraecuscanon
1558 2605 1691 2701 inquit:
1708 2596 1915 2708 Offerimus
1928 2597 2118 2678 ettiliano.

63 2720 125 2795 tur
144 2707 184 2777 in
203 2707 335 2779 nostris
351 2704 539 2793 Ecclesiis,
567 2708 731 2783 videlicet
747 2709 963 2781 consecratio
980 2733 1067 2779 con·
1111 2705 1264 2808 λογικὴν
1292 2703 1478 2805 λατρείαν,
1510 2708 1549 2778 id
1574 2722 1643 2796 est,
1674 2708 1957 2793 invocationem,
1988 2708 2107 2795 fidem,

63 2808 186 2881 tineus
209 2807 452 2880 recitationem
477 2812 668 2882 verborum
689 2808 898 2902 Evangelii,
935 2811 1067 2905 quibus
1112 2835 1227 2904 spem,
1266 2812 1460 2902 gratiarum
1481 2810 1669 2885 actionem.
1732 2806 1781 2881 Et
1801 2806 2024 2902 Augustinus
2046 2810 2106 2881 in-

63 2934 178 2983 eoena
192 2908 404 2997 instituitur,
425 2908 642 2998 distributio,
663 2927 697 2986 et
712 2912 842 2984 sumtio
857 2912 1017 3005 corporis
1032 2925 1067 2983 et
1111 2914 1205 3006 quit:
1243 2907 1296 2983 Iri
1319 2909 1494 2983 veteribus
1506 2905 1692 3006 figuratio
1704 2909 1807 3011 suit,
1839 2910 1879 2983 iri
1902 2904 1973 2983 hoo
1989 2909 2109 2983 socri-

63 3011 250 3103 sanguinis
264 3010 426 3098 Domini,
452 3013 642 3101 invocatio,
668 3039 731 3086 seu
749 3012 863 3088 oratio
878 3016 924 3085 ad
939 3011 1067 3100 Deum,
1099 3010 1194 3110 ficio
1214 3014 1427 3110 gratiarum
1448 3012 1545 3086 actio
1567 3020 1600 3083 et
1626 3010 1917 3085 commemoratio
1937 3019 2001 3090 est.
2026 3014 2032 3023 '
2057 3010 2108 3087 Et

61 3126 192 3208 petens
212 3114 457 3184 remissionem
473 3113 501 3197 †
516 3112 767 3209 peccatorum’,
791 3130 936 3210 propter
956 3115 1067 3188 sacri·
1111 3115 1343 3213 Cyprianusz'
1358 3111 1487 3193 Pietas
1503 3115 1598 3187 inter
1611 3109 1704 3186 duta
1721 3123 1753 3184 et
1769 3111 1977 3187 condonata
1992 3137 2031 3186 se
2046 3109 2107 3186 di·

62 3215 187 3287 ficium
206 3216 339 3287 factum
370 3216 517 3310 abipso
546 3218 620 3289 filio
643 3215 730 3300 Dei,
764 3219 851 3289 fides
876 3217 1067 3311 applicans,
1113 3213 1284 3317 videns¹⁵)
1304 3219 1454 3314 gratias
1467 3215 1600 3316 ogitfl)
1620 3224 1698 3288 tom
1713 3216 1835 3289 uberis
1848 3212 2012 3312 benficii
2024 3213 2106 3289 Iur-

62 3316 385 3408 gratiarumactio,
409 3317 449 3388 in
470 3343 541 3413 qua
562 3321 765 3391 menslacta
781 3333 816 3393 et
836 3323 1005 3391 accedeus
1020 3321 1067 3391 ad
1108 3319 1245 3416 gitori,
1268 3323 1393 3407 idest,
1419 3323 1528 3412 pietas
1544 3323 1704 3393 intuetur
1719 3323 1817 3406 data,
1840 3334 1876 3394 et
1894 3322 2106 3409 condonata,

62 3414 185 3491 Deum
198 3419 343 3491 subiicit
357 3441 395 3489 se
411 3420 464 3502 ei,
490 3434 525 3491 et
538 3423 693 3493 celebrat
708 3446 791 3494 eum
805 3446 909 3509 voce,
928 3423 1068 3493 confes-
1113 3419 1182 3495 hoc
1202 3437 1255 3495 est
1278 3425 1414 3495 confert
1435 3423 1584 3494 interae
1603 3422 1886 3515 magnitudinem
1912 3422 2104 3494 beneficio·

62 3521 187 3607 siene,
219 3535 255 3594 et
272 3519 445 3592 moribus.
502 3520 593 3593 Item
615 3523 739 3594 concio
762 3525 807 3595 de
824 3523 898 3594 filio
914 3520 1003 3610 Dei,
1032 3536 1068 3595 et
1112 3550 1194 3596 rum
1217 3524 1286 3597 Dei
1313 3541 1349 3599 et
1374 3525 1656 3617 magnitudinem
1684 3538 1890 3596 nostrorum
1917 3525 2106 3611 malorum,

62 3625 111 3694 de
129 3646 343 3719 quacunque
361 3637 461 3714 parte
480 3623 675 3701 doctrinae.
1113 3629 1248 3722 peccati
1271 3641 1307 3700 et
1325 3628 1468 3714 mortis,
1500 3640 1536 3698 et
1551 3627 1623 3718 agit
1637 3627 1766 3717 gratias
1781 3622 1834 3724 ¹⁸).

166 3722 216 3796 Ut
231 3723 327 3794 enim
349 3726 395 3795 ab
417 3725 522 3796 initio
537 3727 664 3798 mundi
684 3726 829 3798 fuerunt
843 3738 956 3797 certae
972 3749 1068 3796 cere·
1212 3727 1377 3824 Denique
1399 3730 1500 3800 firma
1515 3724 1559 3826 ¹⁰)
1584 3730 1704 3818 regula
1724 3743 1792 3801 est:
1824 3723 1989 3802 Nullum
2013 3752 2105 3829 opus
2192 3764 2195 3769 ·

63 3825 208 3897 moniae
221 3825 404 3918 publicae,
426 3840 468 3899 ut
483 3829 586 3898 nervi
606 3843 720 3902 essent
732 3850 983 3918 congressuum
999 3851 1067 3919 pu·
1113 3830 1153 3902 in
1168 3855 1260 3902 novo
1274 3840 1488 3902 testamento
1506 3824 1730 3924 sucrificium
1745 3853 1819 3904 esse
1833 3853 1881 3902 ex
1897 3854 2000 3929 opere
2022 3853 2106 3929 ope-

60 3929 255 3999 blicorum:
287 3927 371 4022 quia
387 3925 484 3999 Deus
503 3930 582 4001 vult
604 3931 643 4001 in
663 3954 790 4023 genere
805 3926 963 4002 humano
979 3954 1067 4000 con·
1113 3942 1214 4021 roto,
1249 3948 1291 4005 ut
1317 3935 1526 4029 loquuntur.
1577 3929 1762 4028 Scriptum
1789 3941 1841 4004 est
1868 3931 1986 4019 enim,
2029 3931 2107 4005 veri

61 4028 153 4122 spici
174 4042 211 4100 et
241 4028 400 4101 exaudiri
419 4026 636 4118 Ecclesiam,
675 4047 861 4105 sonantem
878 4027 1066 4122 Evangelii
1111 4030 1329 4107 adoratores
1350 4030 1564 4106 odorabunt
1578 4042 1722 4134 putrem
1745 4034 1785 4106 iu
1804 4032 1940 4132 spiritu
1955 4042 1988 4106 et
2010 4035 2103 4106 veri·

61 4153 198 4212 vocem.
223 4153 265 4200 ac
279 4143 464 4222 propterea
479 4133 557 4202 vult
574 4128 742 4206 honestos
761 4156 967 4225 congressus
981 4156 1066 4221 esse,
1110 4146 1195 4209 tote.
1243 4138 1366 4229 Quare
1387 4135 1448 4208 hic
1469 4139 1561 4209 ritus
1579 4138 1617 4209 fit
1638 4138 1867 4224 sacrificium,
1898 4161 1978 4208 curn
2004 4160 2103 4209 acce-

60 4246 98 4304 et
118 4256 180 4303 eos
205 4255 268 4303 sua
284 4231 445 4304 bonitate
458 4231 630 4332 multis¹³)
649 4235 823 4306 mirandis
842 4235 1064 4307 liberationi·
1109 4243 1199 4314 dunt
1212 4235 1381 4311 bimatus
1397 4240 1533 4321 cordia,
1557 4240 1663 4325 fider,
1685 4239 1883 4325 invocatio,
1906 4239 2101 4330 gratiarum
2224 4290 2227 4299 .

59 4335 130 4405 bus
143 4345 264 4405 tuetur
278 4328 337 4430 ¹⁴):
373 4333 426 4405 lta
442 4335 520 4405 vult
534 4330 631 4407 hunc
650 4337 760 4409 ritum
775 4337 959 4431 publicum
976 4359 1063 4423 esse,
1107 4343 1213 4429 actio,
1230 4357 1264 4414 et
1279 4342 1353 4416 alii.
1381 4337 1432 4413 Et
1445 4342 1521 4437 typi
1537 4341 1789 4412 sacrificiorum
1806 4354 1976 4427 veterum,
1996 4336 2101 4424 Abel,

59 4449 102 4508 ut
121 4433 363 4507 ministerium
385 4431 644 4527 Evangeticum
673 4453 921 4519 conservetur,
962 4452 998 4510 et
1020 4436 1060 4509 in
1106 4439 1389 4530 Melchisedech,
1421 4445 1513 4535 iugis
1528 4443 1711 4530 sacrificii,
1736 4443 1869 4530 etalii,
1901 4458 1994 4516 recte
2012 4466 2100 4515 con-

56 4537 216 4631 publicis
240 4537 484 4627 congressibus
506 4563 575 4608 vox
593 4536 782 4632 Evangelii
804 4553 978 4636 perpetuo
1000 4563 1059 4611 so-
1103 4561 1239 4638 gruunt
1253 4548 1298 4618 ad
1314 4540 1383 4616 hoc
1396 4546 1625 4631 sacrificium,
1652 4546 1754 4616 dexte
1768 4545 2035 4622 accommodati.

56 4652 133 4725 nel,
155 4637 315 4711 uldl⁰ll²
333 4635 563 4738 H⁰0s⁰⁶⁸⁰¹⁶2
586 4634 866 4719 mareventum.
914 4637 962 4713 El
975 4643 1058 4737 ‘1³5⁸
1202 4662 1300 4734 llaec
1332 4661 1531 4735 satisfacere
1566 4661 1733 4733 omnibus
1773 4662 1959 4736 debebant.
2024 4660 2098 4735 Sed
2214 4684 2218 4697 ·

56 4740 892 4862 ”fflfifluffllss8²⁰015⁸5l3⁰lfl⁰³²⁰fu⁸³1l²⁰
910 4742 1056 4816 3¹¹⁵lllu·
1099 4766 1212 4863 aliqui
1229 4765 1421 4852 obiiciunt,
1446 4758 1516 4836 hoc
1536 4764 1674 4847 deesse,
1706 4765 1804 4858 quod
1826 4788 1902 4836 uon
1926 4763 2094 4836 dicimus:

54 4857 156 4923 turn,
189 4842 392 4914 faciendum
409 4845 654 4936 principaliter
676 4841 743 4917 hoc
761 4846 850 4929 line,
882 4858 924 4917 ut
936 4841 1053 4918 Deum

1099 4931 1308 4957 t*-

1133 5024 1176 5092 15)
1193 5021 1258 5077 Per.
1276 5018 1382 5086 colligit
1397 5025 1425 5071 et
1439 5024 1547 5072 seruat.

1131 5110 1180 5179 16)
1196 5111 1234 5164 sit
1252 5109 1368 5163 eveliens
1385 5102 1448 5167 cod,
1464 5102 1548 5162 Goth.

90 5189 137 5258 12)
155 5187 221 5244 Per.
235 5188 383 5245 menduces
406 5200 485 5250 suut.
1131 5194 1175 5263 η)
1191 5202 1262 5261 0305
1280 5191 1343 5248 mg,
1356 5186 1441 5243 Goth,

88 5272 137 5341 11)
153 5276 256 5327 desua
269 5276 333 5329 ton.
347 5285 376 5329 et
387 5276 485 5330 muttie
501 5276 565 5336 uod.
584 5275 670 5336 Gotb.
1129 5277 1178 5348 18)
1195 5281 1216 5346 †
1233 5276 1375 5332 cadusios
1389 5281 1417 5327 et
1429 5273 1563 5328 Mucius
1579 5268 1641 5329 cod.
1656 5266 1740 5326 Gotb.

89 5361 136 5429 tt)
154 5363 255 5414 duent
269 5360 332 5417 cod.
345 5359 430 5419 Gotb.
1129 5364 1176 5434 19)
1195 5361 1258 5419 l’es.
1270 5359 1415 5418 scientiae.
