4522 5752
100 76 196 201 sss
638 109 1119 209 xstersrroranoos
1166 114 1276 204 nro.
1301 40 1407 199 vnt
1457 114 1595 199 tots.
1637 115 1642 127 ·
1952 66 1957 77 ’
2001 38 2004 43 ’
2067 116 2125 201 se
2170 98 2189 169 t·

104 324 198 376 runc
255 246 364 377 Item,
395 304 438 365 ut
468 291 747 367 accenderentur
776 291 823 365 od
855 289 1104 366 imitationem.
1154 291 1224 385 rigi
1238 290 1396 381 alachis,
1415 290 1552 365 etiams
1566 288 1848 365 innumerabiles
1861 288 2129 385 ulnupcrdn,
2179 372 2189 387 ,

105 403 213 478 Nunc
237 411 301 471 aut
319 395 438 469 nullas
462 392 563 465 audit
583 389 766 482 historias,
790 407 853 467 aut
876 393 1016 467 fabulas
1039 416 1107 465 su·
1154 409 1196 469 ut
1218 408 1339 489 aperte
1362 394 1451 468 dicit
1470 420 1547 489 cap.
1571 393 1615 467 si
1637 390 1809 489 rapoto.
1824 395 1930 473 dist-s
1961 388 2034 467 ffie
2049 416 2131 471 stt«
2182 474 2189 487 ,

108 505 181 587 dit,
207 511 308 596 putat
328 511 490 571 sanctum
514 496 728 587 placandum
751 520 825 569 esse
845 491 903 567 bis
927 495 1107 589 operibus,

109 606 264 690 ieiunio,
289 616 325 673 ct
346 598 555 672 ceremoniis
569 600 651 671 festi
665 597 749 673 diei.
797 598 881 673 Non
896 597 1006 689 igitur
1019 621 1108 669 con.

110 709 209 785 venit
239 706 285 777 ad
314 703 542 789 discendum,
581 701 720 797 saepius
751 725 837 776 vero
869 700 1038 777 convenit
1060 700 1108 774 ad

112 809 297 894 convivia,
322 808 367 877 ad
387 805 502 876 ludos.

215 938 463 1015 Prohibendae
476 949 560 1008 suut
575 934 680 1007 etiam
696 937 968 1009 discursationcs
983 936 1110 1011 statio-

113 1047 307 1131 nariorum,
333 1042 397 1138 qui
412 1041 623 1112 confirmant
637 1062 788 1128 errores,
811 1053 847 1112 et
860 1041 1017 1134 expilant
1032 1039 1110 1135 ple-

113 1154 208 1226 bern.

216 1277 468 1354 Prohibendae
509 1274 616 1347 etiam
656 1273 938 1346 consecrationes
978 1273 1112 1345 similes

115 1387 273 1479 magicis,
298 1396 340 1454 ut
352 1379 554 1463 herbarum,
580 1376 777 1447 cultrorum
793 1389 828 1447 et
843 1377 993 1464 similes,
1018 1375 1112 1465 Qui-

115 1492 184 1561 bus
200 1511 291 1559 vana
308 1482 438 1555 fiducia
454 1480 581 1565 alitur,
606 1491 641 1548 et
654 1501 789 1549 mensa
805 1476 882 1552 Deo
900 1479 1083 1554 avertitur.

1156 499 1337 572 tollendus
1354 511 1408 571 est
1422 521 1465 570 ex
1478 493 1649 573 Ecclesia.

1257 629 1398 706 Deinde
1413 630 1535 727 quales
1550 630 1624 703 sint
1636 650 1755 703 mores
1767 626 2003 727 inCollegiis,
2019 644 2055 705 et
2064 630 2139 707 alis-²

1157 758 1239 807 rum
1257 734 1509 817 sacerdotum,
1533 747 1677 806 nonest
1696 732 1902 807 obscurum.
1953 732 2080 827 Qualis
2091 734 2140 809 f!

1158 837 1302 910 'collatio
1325 834 1625 911 sacerdotiorum.
1674 832 1807 927 Quales
1820 832 1964 909 Romae
1985 836 2066 909 lites
2080 836 2141 911 sint

1160 942 1205 1012 de
1220 939 1450 1035 praebendis,
1474 951 1600 1009 notum
1617 944 1679 1013 est.
2139 942 2145 953 ’

1262 1068 1450 1144 Transfert
1473 1070 1519 1142 ad
1536 1093 1574 1141 se
1587 1067 1717 1146 Roma.
1764 1064 1933 1141 Pontifex
1949 1068 2145 1143 collationes

1162 1174 1287 1268 accipit
1303 1186 1450 1244 annates
1464 1185 1498 1242 et
1520 1172 1607 1241 alias
1623 1170 1810 1264 pensiones
1833 1170 1914 1241 sine
1933 1172 2061 1248 modo.
2103 1168 2148 1243 lli

1162 1278 1293 1348 abusus
1308 1273 1509 1366 corrigendi
1531 1286 1632 1360 sunt,
1663 1272 1695 1343 si
1710 1270 1848 1369 Synodi
1868 1274 2054 1365 generales
2071 1296 2149 1345 con·

1163 1379 1284 1449 vocari
1305 1401 1381 1448 uon
1402 1390 1567 1467 possunt,
1599 1387 1829 1465 congregetur
1848 1375 2065 1461 nationalis,
2094 1374 2150 1447 sb-

1163 1481 1329 1551 oleantur
1358 1477 1480 1550 vitiosi
1517 1478 1631 1549 cultus
1670 1489 1706 1548 et
1746 1474 1899 1547 iniustae
1936 1477 2151 1563 traditiones,

1050 1638 1056 1649 ,
1163 1582 1368 1653 consulatur
1393 1578 1553 1649 moribus
1579 1576 1827 1663 sacerdotum,
1862 1577 2087 1651 deliberetur
2111 1576 2173 1651 ds³

362 1658 410 1713 llf.
443 1657 489 1712 De
503 1655 632 1723 personis
648 1655 847 1711 ecelesrirstc‘cr'r.
879 1722 886 1731 1

184 1824 191 1831 .
218 1768 339 1841 Prima
356 1788 430 1835 esse
445 1785 528 1833 cura
546 1760 715 1845 debebat,
739 1773 782 1831 ut
801 1756 980 1833 Ecclesiae
1002 1756 1114 1832 habe-

118 1887 200 1949 rent
215 1872 363 1942 idoneos
379 1865 562 1949 Pastores,
586 1875 621 1932 ct
637 1874 678 1934 ut
692 1860 731 1930 in
745 1855 877 1933 scholis
899 1863 1017 1935 studia
1039 1862 1113 1933 uti-

118 1980 166 2049 lia
181 1976 371 2057 florerent,
395 1962 455 2037 Ad
469 1979 661 2058 utrumque
677 1985 768 2055 opus
782 1976 835 2035 cst
854 1963 1113 2058 inspectoribus

118 2104 181 2151 seu
196 2071 401 2170 Episcopis‚
423 2092 484 2138 seu
497 2066 589 2152 aliis,
610 2078 647 2137 et
661 2064 899 2137 mediocribus
914 2066 1114 2159 stipendiis.

117 2181 225 2255 Nunc
246 2173 369 2265 magni
394 2183 478 2242 sunt
498 2170 647 2253 abusus,
675 2168 780 2258 pauci
799 2183 883 2241 sunt
907 2168 1029 2240 idonei
1044 2166 1115 2238 Pa-

102 2283 246 2366 stores,
269 2292 304 2349 et
317 2271 488 2368 Episcopi
508 2270 694 2360 negligunt
709 2269 947 2342 visitationem
969 2294 1033 2342 seu
1055 2270 1114 2340 in-

119 2382 346 2477 spectionem.
412 2368 562 2446 scholae
591 2370 837 2461 negliguntur,
874 2372 958 2466 quia
985 2374 1115 2443 desunt

15 2568 18 2573 ,
73 2510 79 2529 ·
121 2489 337 2576 inspectores
360 2478 573 2569 prudentes,
611 2487 645 2543 et
664 2475 811 2575 reditus.
868 2472 991 2565 Quare
1024 2496 1114 2565 opus

120 2588 187 2658 erit
203 2609 244 2654 ex
260 2576 490 2652 Monasteriis
516 2588 579 2647 aut
599 2574 768 2665 collegiis
782 2599 905 2647 rursus
923 2576 1114 2648 transferre

119 2690 277 2781 aliquam
300 2695 436 2775 partem
458 2678 504 2749 ad
522 2670 706 2769 parochias
721 2688 756 2746 et
769 2672 918 2753 scholas.
968 2675 1114 2748 Certum

122 2804 173 2861 est
200 2786 297 2858 enim
320 2784 406 2852 olim
429 2792 547 2850 tantos
570 2778 705 2848 reditus
729 2780 880 2851 donatos
901 2801 974 2850 esse
990 2777 1125 2851 Eccle-.

123 2893 206 2978 siis,
235 2902 277 2959 ut
299 2882 537 2955 ministerium
562 2876 749 2971 Evangelii
770 2895 806 2952 et
827 2882 950 2951 literae
973 2904 1116 2951 conser-

119 3005 307 3076 varentur,
332 3001 368 3059 et
386 2987 543 3081 pastores
566 3004 606 3052 ac
628 3004 800 3075 pauperes
823 2976 1024 3054 scholastici
1043 2982 1116 3052 ale-

122 3113 256 3174 rentur.
297 3089 393 3162 Haec
410 3090 482 3160 duo
499 3085 686 3179 praecipua
701 3084 864 3176 inprimis
879 3079 1012 3155 habent
1027 3107 1116 3176 opus

122 3196 397 3279 reformatione,
435 3186 485 3271 Et
507 3201 699 3279 utrumque
722 3187 946 3257 efficiendum
970 3198 1042 3274 est,
1076 3197 1117 3255 ut

123 3307 195 3376 sint
211 3303 423 3393 inspectores
437 3289 557 3360 fideles
572 3301 606 3359 et
622 3288 833 3380 prudentes,
857 3313 898 3363 ao
921 3302 962 3361 ut
985 3288 1031 3359 sit
1045 3311 1118 3359 un·

123 3410 168 3479 de
183 3405 324 3476 alantur
342 3408 495 3490 pastores
513 3404 547 3462 et
565 3385 775 3467 scholastici.

136 3532 140 3537 ’
222 3534 320 3604 llaec
335 3528 437 3598 facile
461 3536 602 3616 possent
626 3523 735 3608 effici,
758 3524 789 3593 si
804 3522 920 3618 Papa,
943 3520 1119 3594 Cardina·

123 3643 176 3711 les
193 3651 228 3708 et
241 3629 408 3726 Episcopi
430 3630 584 3697 facerent
608 3624 723 3694 officia
747 3622 1008 3719 Ecclesiastico,
1046 3621 1119 3694 sed

124 3739 174 3828 hi,
187 3763 272 3811 occu
276 3733 348 3829 pati
365 3727 607 3801 dominatione
621 3726 814 3807 mundana,
834 3726 920 3797 alias
934 3747 990 3796 res
998 3736 1118 3815 agunt.

170 3930 205 3986 x.
238 3928 284 3982 Dc
299 3918 482 3978 ecclesiastiea
493 3915 697 3985 gubernatione
710 3912 806 3983 Papae
819 3924 847 3970 et
858 3913 1073 3984 Eptsaopmm,

225 4031 307 4104 Duo
335 4039 419 4099 sunt
447 4020 593 4116 propria
618 4043 766 4090 munera
791 4017 1119 4091 Ecclesiasticorum

127 4137 423 4227 gubernatorum,
461 4124 605 4192 visitare
646 4118 839 4204 Ecclesias,
884 4135 920 4193 et
954 4121 1119 4218 synodos

126 4259 331 4310 convocare.
380 4226 546 4298 l⁷isitatio
564 4224 721 4315 explorat
736 4225 954 4311 doctrinam,
984 4238 1020 4294 et
1039 4250 1120 4295 mo-

127 4364 183 4410 ros
198 4337 454 4413 ministrorum,
480 4327 596 4399 studia
613 4320 835 4411 scholarum,
862 4341 895 4397 et
911 4351 950 4396 ea
967 4349 1056 4419 quae
1073 4327 1118 4395 ad

128 4437 431 4512 conservationem
452 4428 692 4499 Ecclesiarurtr
714 4429 909 4499 necessaria
931 4441 1025 4502 sunt.
1075 4424 1120 4496 ln

129 4538 283 4619 sensilis
308 4531 582 4605 deliberationes
613 4523 797 4602 habendae
825 4545 909 4602 sunt
934 4532 978 4600 de
999 4528 1121 4599 abusi-

127 4622 213 4727 bus,
239 4628 303 4734 qui
318 4635 469 4706 subinde
487 4632 714 4719 exoriuntur,
747 4631 841 4706 suut
858 4646 891 4703 et
907 4631 1039 4704 iudicia
1053 4632 1122 4703 do·
1191 4661 1200 4680 ·

130 4735 482 4819 ctrinaeexercenda·

229 4840 326 4945 llaec
342 4867 464 4942 omnia
478 4867 706 4957 negliguntur
728 4889 748 4936 a
761 4863 927 4938 Romano
942 4866 1124 4951 Pontifice,

1164 1682 1414 1755 collationibus
1429 1679 1734 1764 Sacerdotiomm,
1755 1678 1928 1751 efficiatur
1942 1692 1988 1751 ut
2003 1680 2066 1775 qui
2077 1690 2149 1753 runt

1163 1786 1202 1857 in
1218 1782 1402 1875 Collegiis,
1431 1805 1506 1853 non
1527 1781 1600 1851 sint
1618 1780 1745 1868 otiosi,
1775 1780 1836 1850 sed
1856 1781 2024 1854 serviant
2036 1776 2169 1857 Eccle.

1164 1888 1247 1962 siae.
1305 1885 1455 1956 Interim
1480 1882 1631 1978 quilibet
1650 1878 1827 1954 Patronus
1848 1882 1994 1971 videat,
2026 1894 2069 1954 ut
2093 1904 2147 1977 pr·

1163 2002 1274 2061 stores
1292 1983 1423 2059 habeat
1446 1986 1611 2081 idoneos,
1636 1984 1723 2056 item
1746 1978 1888 2056 scholis
1910 1982 2147 2079 prospiciatur,

1163 2104 1205 2164 ut
1218 2103 1313 2162 recte
1329 2091 1498 2161 doceatur
1510 2088 1687 2162 iuventus.

1267 2249 1315 2305 xt.
1335 2247 1383 2302 De
1401 2247 1564 2318 offiuirlibus
1582 2256 1611 2302 et
1627 2247 1719 2301 mnan
1735 2244 2059 2305 excommunicationis.

1266 2352 1307 2429 Si
1340 2352 1504 2424 officiales
1530 2366 1643 2424 essent
1664 2352 1761 2423 docti
1785 2364 1820 2423 et
1840 2352 1930 2424 boui
1954 2352 2048 2439 viri,
2083 2372 2144 2421 non

1165 2469 1304 2530 tantum
1327 2455 1460 2525 iudicia
1481 2478 1641 2524 exercere
1662 2454 1850 2540 deberent,
1884 2452 1959 2525 Sed
1982 2451 2145 2526 etiamin·

1165 2558 1298 2651 spicere
1313 2554 1487 2626 Ecclesiae
1508 2569 1544 2627 et
1556 2550 1714 2629 scholas.
1764 2552 1868 2626 Nunc
1894 2567 2038 2627 tantum
2061 2576 2144 2625 erer-
2168 2602 2175 2611 -

1166 2674 1247 2731 cent
1262 2658 1413 2744 iudicia,
1439 2672 1473 2729 et
1486 2658 1631 2752 quidem
1644 2658 1811 2751 pleraque
1825 2649 2030 2750 prophana.
2060 2646 2064 2651 ¹

1265 2788 1530 2865 Ecclesiasticus
1543 2792 1651 2862 iudex
1667 2791 1846 2882 cognoscit
1863 2792 1909 2861 de
1925 2788 2100 2875 doctrina,
2118 2800 2147 2859 et

1166 2895 1272 2988 punit
1289 2895 1476 2964 manifesta
1493 2892 1660 2980 crimina,
1683 2891 1756 2962 Nec
1771 2893 1817 2962 sit
1830 2905 1926 2964 tinus
1941 2904 2081 2964 tantum
2099 2888 2149 2961 iu·

1168 3002 1253 3083 dcx,
1277 2998 1339 3067 sed
1362 2997 1466 3065 debet
1490 3019 1563 3065 esse
1588 3007 1707 3064 coetus
1720 2993 1860 3087 aliquis.
1911 2990 2151 3065 sicutPaulut

1167 3100 1286 3192 plures
1300 3093 1462 3169 adhiberi
1480 3097 1595 3182 iubet,
1620 3109 1655 3165 et
1670 3091 1831 3165 Christus
1846 3095 1982 3189 inquit:
2006 3091 2074 3165 Dic
2087 3090 2149 3165 Et·

1169 3201 1311 3284 clasiae,
1335 3198 1439 3270 Nunc
1453 3211 1571 3268 autem
1585 3221 1679 3267 unus
1692 3196 1820 3290 aliquis
1841 3196 2006 3267 officialis
2029 3205 2153 3267 exercet

1169 3303 1361 3387 iudicium,
1387 3316 1422 3372 et
1437 3300 1601 3371 transfert
1616 3300 1659 3368 ad
1675 3298 1793 3368 forum
1809 3323 1914 3370 suum
1937 3320 2059 3369 causas
2079 3318 2154 3389 pro·

1169 3400 1324 3497 phanes,
1350 3401 1452 3473 sicut
1467 3415 1502 3472 et
1518 3400 1706 3471 Pontifices
1722 3400 2077 3473 excommunicarent
2091 3394 2155 3467 lm-

1168 3520 1347 3599 peratorcs
1369 3505 1446 3574 sine
1469 3503 1625 3594 legitima
1640 3501 1860 3592 cognitione,
1884 3515 1920 3572 et
1934 3514 2082 3594 propter
2095 3499 2156 3569 im-

1170 3608 1259 3702 perii
1276 3605 1543 3678 controversias.
1593 3599 1642 3673 Et
1655 3626 1752 3672 nunc
1768 3626 1917 3693 magnus
1930 3615 2098 3697 quaestus
2111 3610 2158 3669 est

1169 3708 1378 3793 officialibus
1403 3730 1444 3777 ex
1469 3704 1738 3791 controversiis,
1769 3729 1860 3800 quae
1882 3717 1967 3776 sunt
1986 3703 2159 3775 alienaea

1168 3811 1246 3881 foro
1261 3806 1518 3883 Ecclesiastico.

1271 3939 1380 4029 ltem,
1412 3942 1452 4010 in
1474 3939 1656 4033 puniendo
1680 3940 1840 4011 serviunt
1859 3938 1973 4030 magis
1999 3934 2160 4009 avaritiae

1170 4068 1272 4130 suae,
1299 4067 1407 4136 quam
1421 4042 1568 4114 utilitati
1580 4038 1770 4114 Ecclesiae.

1269 4152 1434 4268 Denique
1456 4170 1525 4247 hoc
1547 4197 1656 4265 genus
1677 4169 1883 4260 hominum,
1915 4174 2017 4269 quod
2031 4196 2068 4245 rr
2088 4171 2162 4263 ipsa

1170 4273 1493 4370 sustinetEpiscopi
1502 4299 1643 4364 munus,
1656 4275 1847 4348 minimum
1859 4272 1967 4350 habet
1975 4272 2165 4369 gravitatis.

1481 4455 1544 4513 Xll.
1569 4455 1616 4511 De
1642 4458 1832 4512 monasteriis.

1272 4558 1492 4634 Monasteria
1532 4563 1722 4656 locupletia
1755 4589 1820 4634 nec
1853 4563 2016 4634 serviunt
2046 4557 2166 4632 Eccle

1173 4662 1246 4747 sris,
1272 4687 1338 4733 nec
1353 4667 1476 4735 colunt
1492 4666 1621 4739 studia.
1656 4661 1804 4735 Etcum
1817 4668 1929 4737 multa
1944 4665 2037 4751 sint,
2061 4663 2167 4755 prod-

1174 4778 1263 4834 esset
1278 4766 1362 4837 inde
1379 4790 1517 4839 sumere
1535 4767 1670 4837 reditus
1695 4768 1741 4836 ad
1765 4762 1952 4859 parochias
1975 4779 2012 4837 et
2033 4760 2166 4835 scholas

1175 4868 1450 4945 constituendas.
1508 4867 1687 4939 Iniustum
1713 4881 1764 4938 cst
1785 4868 1880 4937 enim
1902 4866 1992 4939 alibi
2021 4867 2166 4938 otiosam

131 4976 382 5053 Cardinalibus
409 4984 442 5041 et
464 4967 669 5060 Episcopis‚
709 4980 744 5037 et
765 4983 938 5056 vagantur
968 4968 1126 5039 ministri
1174 4969 1316 5040 turbam
1339 4971 1384 5041 de
1405 4968 1650 5066 Eleemosynis
1674 4970 1766 5041 datis
1791 4972 1837 5041 ad
1865 4969 2166 5041 conservationem

130 5081 387 5161 Ecclesiarum,
421 5072 512 5144 sicut
533 5094 615 5161 grex
639 5071 715 5140 sine
737 5066 904 5159 Pastore!
953 5070 1025 5142 sed
1045 5068 1127 5141 Ro-
1175 5070 1378 5144 ministerii.
1436 5068 1614 5142 Iniustum
1638 5085 1690 5143 est
1713 5085 1746 5142 et
1768 5067 1853 5158 hoc,
1878 5072 1977 5166 quod
1996 5073 2167 5141 devoran-

129 5206 254 5255 manus
270 5178 435 5251 Pontifex
451 5173 520 5244 sibi
542 5172 652 5258 cavit,
677 5170 786 5242 sumit
809 5171 879 5242 sibi
899 5174 1126 5244 autoritatem
1176 5186 1236 5242 tur
1263 5195 1284 5242 a
1306 5170 1575 5258 Cardinalibus‚
1612 5171 1816 5269 Episcopis‚
1849 5191 1912 5247 aut
1932 5173 2167 5267 Principibus,

130 5311 235 5379 supra
251 5305 374 5354 omncs
389 5276 570 5362 Canones,
589 5289 624 5347 et
636 5274 805 5362 concilia,
831 5289 865 5347 et
884 5288 978 5347 vetat
993 5272 1126 5347 secor·
1177 5274 1456 5375 etdefraudatur
1471 5273 1640 5352 Ecclesia.
