4522 5752
75 214 121 298 ss·
324 142 327 149 Ι
458 195 513 240 ³
595 122 1521 305 sersronanuuma.v1h.1sra.
2006 214 2082 294 aso

75 391 161 467 sin
180 386 333 483 siugulis
351 389 438 461 locis
458 388 665 483 praeficiant
686 400 802 457 certos
822 386 1038 477 inspectores
1086 380 1267 477 Apostolis
1291 397 1431 476 accepta
1459 399 1562 470 esset,
1597 399 1631 456 et
1654 386 1909 458 conservabant
1937 403 2078 459 sentenss

75 518 102 569 tt
116 517 282 567 censores
296 492 466 578 officinis,
489 515 555 561 nec
578 491 683 560 liceat
704 491 807 559 edere
830 489 941 557 libros
962 509 1037 555 uon
1086 487 1173 555 tiam
1188 481 1462 579 Apostolorum,
1485 488 1566 557 ideo
1586 510 1687 580 saepe
1701 488 1898 576 allegantur
1920 490 2078 561 illasve-

109 599 257 669 robatos
273 594 319 666 ab
343 591 401 665 his
422 594 639 666 censoribus.
689 589 770 662 Fiat
789 592 896 662 etiam
916 588 1039 684 inqui·
1085 601 1177 659 teres
1199 583 1356 659 scholae:
1391 601 1426 659 et
1454 605 1598 683 propter
1620 585 1683 659 has
1707 590 1874 661 laudatur
1897 592 2076 663 ordinaria

75 694 124 773 ho
150 703 196 770 de
218 697 380 773 moribus
399 710 581 791 pastorum
603 706 637 763 et
657 693 802 786 populi,
828 693 858 763 si
876 715 1038 782 comper·
1085 692 1278 778 successio,
1303 692 1400 784 qnod
1417 706 1533 762 essent
1548 693 1632 762 certi
1655 706 1758 762 testes
1780 693 1961 763 doctrinae
1978 693 2076 787 Apo·
2102 774 2107 780 .

75 800 119 875 tm
138 802 265 887 inerit,
283 813 466 893 pastorem
480 797 663 869 admisisse
687 795 833 890 aliquod
853 794 1038 887 flagitium,
1086 792 1240 867 stolicae.
1291 791 1395 865 Nunc
1411 788 1476 863 hae
1493 795 1615 865 laudes
1642 796 1685 864 ad
1707 796 1898 885 potentiam
1924 798 2076 888 amplifi-

75 903 213 977 tuiatnr
227 902 358 973 severis
372 902 490 992 legum
512 899 658 993 poenis,
683 911 719 968 et
743 922 784 967 eo
809 897 927 967 minus
951 919 1038 965 con·
1086 895 1233 964 eandam
1252 898 1645 988 transferunturpostea
1660 922 1740 966 cum
1756 921 1857 986 opes,
1882 896 1992 989 Regia
2011 902 2075 970 do-

75 1008 239 1078 ivendum
261 1017 313 1075 est
334 1005 380 1075 ad
397 1020 536 1096 stupra,
564 1000 755 1084 adulteria,
777 1012 837 1069 aut
853 998 1037 1069 scortatio·
1086 997 1255 1080 minatio,
1287 998 1406 1082 luxus,
1441 999 1663 1070 extinxerunt
1694 999 1809 1068 studia
1836 1000 2076 1090 collegiorum,

75 1131 105 1181 ts
127 1108 368 1193 sacerdotum,
399 1109 484 1202 quia
506 1104 658 1196 petimus
682 1101 829 1171 concedi
845 1102 895 1171 eis
912 1100 1038 1170 coniu-
1085 1099 1199 1190 caligo
1223 1100 1347 1188 ingens
1369 1102 1408 1170 in
1428 1097 1583 1170 Ecclesia
1610 1117 1725 1173 secuta
1750 1115 1818 1185 est,
1852 1116 1884 1171 et
1914 1119 1994 1174 nata
2024 1122 2075 1175 est

75 1234 150 1283 um·
202 1206 322 1297 Quare
336 1206 565 1281 severissimis
579 1204 704 1297 poenis
723 1204 881 1295 corporis
896 1204 959 1273 illa
973 1204 1036 1272 de-
1086 1201 1145 1270 illa
1171 1197 1366 1290 Theologia
1392 1199 1665 1288 monachorum,
1704 1203 1817 1274 diluta
1840 1208 1991 1296 quadam
2017 1206 2076 1275 in-

75 1327 125 1387 cta
143 1312 351 1405 puniantur.
1085 1303 1223 1374 erudita
1236 1299 1480 1396 philosophia,
1504 1319 1539 1375 et
1553 1305 1870 1397 superstitionibus.
1919 1303 1966 1377 Et
1987 1303 2074 1378 haec

1011 1452 1035 1471 ..
1084 1405 1158 1496 ipsa
1173 1430 1270 1475 nunc
1286 1407 1486 1493 consenuit,
1511 1432 1619 1502 quare
1639 1408 1811 1498 sapientes
1824 1409 2075 1498 gubernatores

80 1544 86 1583 :
143 1459 340 1580 Impiiiam
367 1457 472 1529 etiam
499 1456 698 1575 Visstatites
726 1453 1037 1573 rafi⁰i¹e⁸.³effl.¹¹
1084 1508 1272 1599 providere
1287 1509 1435 1596 debent,
1461 1523 1501 1579 ut
1518 1510 1557 1579 in
1570 1505 1701 1580 scholis
1721 1533 1842 1580 rursus
1865 1510 1922 1601 pia
1944 1525 1978 1583 et
2000 1514 2073 1582 sin-

75 1591 79 1633 ¹
103 1556 295 1647 Ecdeme
333 1574 369 1632 ⁶²
392 1572 517 1629 ‘urent
545 1559 697 1628 fidehm
725 1558 834 1649 pen‘h
863 1557 1037 1647 supendm
1085 1633 1164 1680 cera
1180 1609 1339 1680 doctriua
1356 1607 1490 1682 Christi
1506 1613 1682 1698 tradatur,
1707 1625 1742 1681 et
1757 1612 1970 1682 muniendae
1993 1629 2076 1685 sunt

75 1665 261 1759 tptoribus,
286 1663 466 1746 diacoms,
492 1675 526 1731 et
541 1656 596 1729 hrs
615 1685 676 1755 qur
691 1670 860 1752 praesunt
873 1654 1013 1729 scholis.
1085 1707 1237 1799 scholae,
1258 1726 1299 1783 ut
1313 1715 1357 1782 ad
1372 1707 1577 1810 posteros*)
1595 1715 1780 1806 propagari
1793 1715 1998 1807 incorrupta
2014 1741 2075 1787 ve,

143 1806 244 1881 xlv.
261 1804 305 1881 In
316 1804 446 1881 scholis
456 1835 529 1880 non
540 1809 656 1880 solum
664 1805 841 1880 Ecclesiae
850 1806 1038 1876 seminaria
1085 1813 1170 1884 ritas
1189 1816 1311 1905 possit,

75 1925 138 1994 tut,
153 1915 216 1983 ted
231 1913 337 1984 eliam
353 1913 405 1983 ibi
420 1910 824 2006 praeparanturingenia
841 1910 885 1978 ad
896 1933 1036 1995 omnem
1185 1915 1324 1987 Deinde
1349 1914 1431 2009 quia
1464 1915 1502 1984 iu
1530 1915 1679 2006 singulis
1708 1918 1913 2007 regionibus
1947 1943 2074 2010 magno

75 2015 221 2109 liquam
237 2016 332 2085 vitae
349 2015 654 2105 gubernationem.
707 2011 782 2082 lmo
799 2007 936 2081 scholae
955 2026 1038 2083 sunt
1085 2043 1234 2090 numero
1255 2031 1437 2110 pastorum
1458 2041 1547 2108 opus
1570 2031 1637 2103 est,
1662 2019 1781 2089 alendi
1802 2034 1885 2091 sunt
1906 2045 2088 2112 pauperes
2212 2102 2216 2110 ¹

75 2128 160 2188 ntes
174 2111 407 2188 humanitatis
429 2118 470 2187 in
490 2130 563 2190 tota
585 2116 680 2201 vita,
706 2115 837 2210 quibus
859 2113 1037 2203 neglectis,
1084 2117 1284 2191 scholastici
1308 2121 1351 2189 de
1372 2119 1531 2210 publico,
1563 2121 1626 2214 qui
1651 2145 1731 2191 cum
1763 2136 1854 2192 recte
1887 2123 2076 2194 didicerint

75 2241 185 2291 teme
217 2234 269 2290 0⁸1
295 2221 396 2314 sequi
421 2243 565 2308 magnas
593 2218 775 2301 tenebras,
812 2216 1037 2286 confusiones
1084 2224 1282 2293 doctrinam
1304 2215 1563 2305 Christianam,
1593 2236 1712 2313 postea
1734 2223 1984 2315 praeficiantur
2005 2223 2076 2296 Ec-

75 2321 276 2413 Ήὲῑθῦΰῐῡ,
299 2336 334 2404 ,θῑ
348 2323 631 2414 superstitiones,
657 2322 774 2410 legum
799 2333 833 2389 el
852 2319 1036 2388 literarum
1085 2325 1211 2400 clesiis.
1261 2322 1357 2393 Haec
1373 2337 1426 2395 est
1449 2338 1550 2396 vetus
1579 2338 1612 2395 et
1633 2349 1716 2395 vera
1728 2322 1905 2396 Ecclesiae
1928 2351 2075 2397 consue-

75 2447 150 2519 quc
174 2425 305 2493 artium
330 2426 535 2509 interitum,
575 2423 794 2494 oblivionem
818 2400 1037 2514 antiquitatis
1084 2428 1184 2499 tudo.

75 2523 349 2608 historiarum,
372 2550 512 2597 morum
526 2526 722 2609 feritatem,
747 2523 901 2616 denique
914 2523 1037 2611 intini—
1186 2525 1308 2597 Toties
1337 2525 1577 2595 vociferantur
1599 2528 1791 2598 adversarii
1817 2531 1946 2615 nostri,
1990 2556 2084 2605 cou-.

75 2628 331 2699 mbarbariem
345 2652 505 2708 morum,
531 2642 566 2697 el
581 2627 742 2696 omnium
757 2626 849 2724 vitae
871 2626 1037 2716 partium.
1085 2621 1325 2723 suetudines⁶)
1337 2625 1515 2698 Ecclesiae
1529 2630 1677 2720 negligi,
1703 2655 1782 2701 cum
1807 2631 1875 2724 ipsi
1896 2628 1983 2703 haec
2004 2634 2077 2704 uti-

75 2749 167 2801 'uare
192 2754 316 2801 omnes
340 2731 515 2823 sapientes
537 2731 789 2820 gubernatores
809 2725 959 2795 maxime
981 2727 1037 2795 iu·
1084 2733 1217 2802 lissima
1233 2732 1394 2801 instituta
1411 2726 1670 2824 Prophetarum
1684 2746 1719 2803 et
1736 2729 1989 2825 Apostolorum
2013 2761 2076 2829 pe-

75 2833 210 2905 tearum
230 2828 432 2902 scholarum
454 2831 744 2903 constitutionem
770 2831 815 2898 ad
837 2829 1037 2920 rempubli·
1085 2835 1181 2907 nitus
1203 2833 1419 2916 deleverint,
1442 2857 1531 2926 qnae
1556 2834 1701 2929 quidem
1725 2850 1767 2906 ut
1792 2838 2024 2908 restituantur
2043 2854 2077 2910 et

75 2935 329 3028 impertinere,
354 2949 389 3005 et
400 2936 490 3005 bene
507 2934 713 3005 constitutas
727 2931 956 3024 praecipuum
974 2932 1037 2999 de·
1085 2948 1348 3020 conserventur,
1372 2936 1472 3004 omni
1488 2936 1714 3007 contentione
1729 2939 1981 3027 gubernatores
1997 2965 2077 3034 per-

75 3059 107 3108 rs
130 3048 166 3106 et
188 3050 438 3106 ornamentum
463 3060 536 3105 esse
556 3037 750 3106 civitatum.
803 3030 947 3121 Quanto
961 3056 1038 3100 ma·
1085 3039 1187 3108 ficere
1212 3039 1358 3121 debent,
1391 3037 1556 3106 videlicet
1580 3039 1646 3124 ita,
1680 3052 1722 3109 ut
1749 3036 1889 3111 scholae
1916 3043 2077 3127 floreant,

75 3140 98 3209 'ts
127 3138 169 3208 in
188 3134 348 3208 Ecclesia
371 3139 522 3209 tuendae
549 3151 632 3208 sunt
652 3131 815 3205 scholae?
846 3134 1039 3227 inquibus
1086 3154 1120 3212 et
1133 3154 1346 3233 propagetur
1367 3138 1528 3210 salutaris
1554 3136 1732 3225 doctrina,
1757 3155 1792 3211 et
1814 3158 2077 3234 praeparentur,

75 3253 274 3311 ›mervatur
299 3257 333 3313 et
355 3255 569 3333 propagatur
589 3239 749 3309 doctrina
765 3235 971 3325 Evangelii,
1004 3250 1039 3306 et
1087 3242 1293 3312 excolantur
1325 3264 1363 3309 ac
1398 3241 1608 3310 erudiantur
1632 3243 1781 3311 studiosi
1807 3259 1925 3335 postea
1952 3248 2078 3335 praeli-

75 3342 237 3429 aduntur
259 3343 348 3413 aliae
371 3344 485 3411 bonae
507 3358 618 3427 artes,
651 3340 776 3423 utiles,
810 3352 886 3409 tum
910 3338 954 3406 ad
979 3362 1040 3406 ex·
1088 3343 1206 3414 ciendi
1232 3341 1411 3412 Ecclesiis.
1473 3339 1586 3412 Porro
1615 3343 1653 3411 in
1682 3337 1881 3414 Academiis
1909 3371 1998 3438 opus
2027 3363 2078 3418 est

75 3442 247 3514 litandam
270 3445 456 3515 coelestem
487 3444 702 3527 doctrinam,
733 3457 809 3512 tum
833 3441 878 3509 ad
900 3440 1038 3533 reliqua
1087 3444 1222 3539 duplici
1243 3442 1508 3529 emendatione,
1547 3444 1729 3530 videlicet,
1769 3447 2012 3519 doctrinarum
2046 3465 2079 3521 et

75 3546 138 3619 itae
154 3544 270 3615 officia
286 3547 527 3637 gubernanda.
574 3541 624 3616 Et
644 3541 764 3615 haciu
782 3565 1041 3612 removeamur
1087 3546 1306 3639 disciplinae.
1353 3542 1407 3614 De
1427 3546 1563 3616 artibus
1588 3547 1768 3618 tradendis
1788 3573 1870 3620 vere
1892 3551 2023 3622 eruditi
2045 3567 2081 3625 et

75 3638 302 3720 ›muetodine
317 3646 495 3719 Ecclesiae
510 3647 899 3736 omniumtemporum.
936 3641 1040 3713 Nun·
1087 3651 1279 3742 prudentes
1306 3647 1472 3716 ordinem
1493 3650 1753 3740 praescribant,
1788 3650 1836 3721 ita
1859 3667 1899 3722 ut
1915 3652 2079 3729 iuventus

75 3774 155 3823 uam
173 3749 262 3819 'sine
287 3746 417 3821 scholis
447 3750 569 3819 floruit
592 3745 768 3828 Ecclesia,
803 3746 917 3816 voluit
943 3745 1040 3818 Deus
1087 3775 1162 3822 non
1193 3750 1308 3821 solum
1340 3764 1499 3821 versetur
1530 3751 1567 3819 in
1602 3753 1737 3822 artibus
1771 3750 1985 3846 prophanis,
2019 3761 2079 3826 sed

75 3865 160 3924 ertos
183 3873 257 3921 esse
278 3866 397 3922 coetus
412 3855 457 3922 ad
472 3852 757 3934 tabernaculum,
783 3849 880 3942 quod
896 3845 1040 3942 Moyses
1088 3853 1194 3924 etiam
1215 3853 1328 3922 discat
1349 3846 1586 3922 Christianam
1610 3855 1819 3928 doctrinam.
1878 3853 2018 3927 Deinde
2039 3874 2081 3929 ut

75 3953 226 4039 indidit,
262 3970 297 4026 et
319 3968 439 4046 postea
470 3955 514 4023 ad
541 3953 730 4044 templum:
764 3974 839 4020 non
862 3950 970 4019 aliam
993 3951 1039 4020 ob
1088 3957 1132 4026 ad
1146 3978 1266 4025 veram
1282 3948 1544 4044 philosophiam
1560 3972 1763 4036 revocetur,
1789 3972 1824 4028 et
1840 3959 1991 4049 explosis
2010 3985 2079 4028 nu-

75 4079 211 4135 tusam,
248 4057 319 4125 nisi
338 4069 379 4126 ut
399 4056 452 4126 ibi
475 4055 591 4125 studia
614 4053 700 4144 legis
722 4050 865 4121 divinae
892 4064 927 4121 et
953 4052 1041 4121 alia·
1087 4058 1140 4147 gis
1154 4052 1371 4148 sophisticis,
1395 4057 1556 4126 tradatur
1570 4053 1760 4128 Dialectica
1782 4058 1915 4128 sincere
1937 4074 1971 4131 et
1993 4086 2079 4154 pru-

75 4174 128 4232 ’πη
142 4158 274 4227 artium
286 4158 462 4228 bonamm
482 4158 521 4227 iu
544 4156 698 4251 quadam
721 4153 918 4246 frequentia
942 4153 1040 4243 vige-
1088 4162 1229 4243 denter,
1255 4157 1494 4246 adiungantur
1510 4152 1660 4251 Physica
1674 4174 1707 4229 et
1723 4154 1983 4247 Mathematica,
2005 4166 2081 4234 for·

75 4274 146 4347 ent,
171 4272 206 4329 et
220 4259 386 4330 iuventus
404 4260 633 4332 excoleretur.
684 4251 737 4327 Ita
752 4254 897 4326 Samuel
918 4256 1041 4325 adole·
1086 4273 1204 4332 metur
1216 4261 1340 4354 stylus.
1365 4258 1434 4330 Sed
1447 4253 1673 4352 haecparsde
1683 4261 1844 4330 doctrina
1862 4263 2003 4353 longior
2016 4279 2078 4349 est,

75 4376 148 4438 :etta
170 4361 300 4432 missus
322 4376 373 4434 est
399 4363 442 4433 ad
468 4358 760 4442 tabernaculum,
798 4370 969 4450 tanquam
995 4357 1039 4426 ad
1088 4387 1194 4456 quam
1208 4375 1248 4431 ut
1263 4375 1337 4431 tota
1364 4355 1422 4428 hic
1442 4356 1696 4452 comprehendi
1720 4364 1848 4452 possit,
1874 4378 1908 4434 et
1929 4366 2077 4457 singulis

75 4462 298 4548 ,rodemiam
324 4475 358 4532 et
371 4476 491 4555 postea
509 4459 626 4547 Elias,
652 4484 691 4530 ac
708 4456 862 4544 Eliseus,
888 4455 1040 4528 loannes
1087 4465 1175 4535 locis
1207 4463 1341 4533 iudicio
1375 4462 1597 4532 eruditorum
1632 4478 1666 4534 et
1698 4468 1915 4556 prudentum
1932 4471 2080 4539 consti-

75 4552 226 4663 apiista,
249 4560 413 4635 Christus
439 4559 643 4635 habuerunt
664 4560 803 4651 agmina
826 4561 1041 4632 auditorum.
1087 4567 1219 4638 tuenda
1233 4579 1294 4635 est.

75 4673 157 4745 lunc
169 4690 306 4737 morem
322 4679 356 4737 et
369 4661 535 4759 Apostoli
548 4675 752 4749 servarunt,
777 4674 819 4733 1¹2
834 4685 876 4732 ⁰¹
893 4660 1040 4733 Ῑῑθῦῦθθ
1188 4680 1408 4776 Disciplinae
1423 4682 1601 4755 restitutio
1625 4688 1776 4782 requirit
1799 4691 2024 4764 autoritatem
2046 4714 2078 4767 et

75 4782 212 4869 ppsret‚
237 4768 301 4863 qui
316 4766 649 4839 tetlstttrloassssem
663 4764 870 4835 n⁰fl3011¹¹⁰
893 4765 1047 4875 mille?
1088 4784 1308 4877 diligentiam
1335 4784 1538 4876 principum
1561 4803 1596 4859 et
1619 4790 1906 4880 magistratuum,
1941 4821 2079 4867 necesse

75 4871 405 4948 numultitudinem
428 4871 632 4940 illiteratam
648 4863 826 4951 docuisse,
849 4867 911 4937 Μ
935 4865 1040 4937 ‘llam
1089 4902 1141 4959 est
1162 4911 1279 4957 mores
1304 4887 1488 4957 severitate
1509 4891 1643 4960 maiore
1656 4894 1750 4983 regi,
1778 4909 1812 4965 et
1825 4898 2006 4968 continere
2022 4899 2078 4970 iu-

75 4974 215 5051 flfflim
229 4973 403 5066 ‘imam
419 4973 577 5043 ³⁸⁸id¹¹⁰⁸
592 4969 788 5052 mdll‘l‘e‘a
813 4967 928 5061 ‘1⁰5⁸‘
949 4981 1042 5042 ¹⁰¹⁰⁸
1088 5002 1269 5063 ventutem
1282 4989 1376 5060 intra
1390 5003 1505 5082 septa,
1530 5007 1565 5063 et
1588 4995 1632 5064 ad
1652 4995 1890 5086 piaexercitia
1905 5024 2078 5086 revocare,

75 5077 179 5154 udiis
207 5075 434 5159 addixerant,
471 5096 561 5168 quos
585 5071 710 5141 solitus
741 5081 794 5139 est
818 5070 1042 5143 familiariter

75 5204 186 5263 orere,
210 5177 317 5248 etiam
332 5187 428 5246 extra
440 5187 636 5246 conventus
653 5171 838 5243 universae
853 5168 1042 5248 Ecclesiae.
1090 5196 1313 5237 -·-.-·-

75 5282 146 5356 linc
171 5294 250 5351 orta
271 5290 354 5352 suut
375 5292 493 5349 vetera
517 5274 684 5365 collegia,
722 5288 759 5345 et
779 5274 945 5366 proderat
969 5298 1043 5347 esse
1123 5330 1411 5405 *lituaexnendor
1425 5341 1564 5399 pastores.

75 5388 135 5458 iles
147 5377 303 5467 scholas,
328 5402 419 5474 qnae
436 5392 537 5451 eram
551 5391 674 5462 testes,
699 5398 792 5470 quae
810 5376 975 5448 doctrina
997 5379 1043 5451 ab
1124 5403 1155 5475 a)
1175 5400 1490 5556 nummorum.
