4522 5752
102 224 178 303 35⁵
668 222 1101 306 astaronattun
1148 230 1260 306 ΜΒ.
1287 228 1392 312 vul,
1441 226 1571 310 1541'.
2029 228 2140 319 ,850

105 399 174 485 lio,
199 399 279 470 ideo
293 395 461 473 hortandi
475 414 559 475 sunt
577 396 759 488 homines,
790 414 831 473 ut
854 404 987 473 addant
1009 402 1099 473 enuss
1145 405 1214 475 tiae
1227 404 1382 475 rationes
1405 416 1440 475 et
1455 403 1669 476 testimonia
1716 400 1901 494 Rogamus
1924 402 2039 495 igitur
2059 428 2139 477 enm

107 501 359 591 metationem,
382 515 423 574 ut
441 503 556 574 iuvari
571 504 720 574 consilio
741 509 801 575 aut
824 505 969 577 excitari
988 505 1100 596 magis
1147 508 1263 577 debita
1291 505 1507 590 reverentia,
1543 517 1586 576 nt
1607 499 1694 577 hacc
1716 520 1838 577 nostra
1859 504 2048 600 eiplieatio
2070 506 2140 578 ele·

108 605 152 674 ad
186 603 460 695 poenitentiam,
502 618 535 677 et
567 607 611 675 de
638 607 759 699 multis
784 609 890 678 rebus
915 606 1101 677 admoneri

107 705 254 799 possint.
303 704 395 777 Nam
411 708 565 799 prudens
579 720 698 799 pastor
712 709 752 777 in
767 732 809 777 eo
830 709 1008 801 colloquio
1026 731 1101 776 me-

107 807 179 878 lius
202 807 388 878 instituere
408 808 631 880 confitentem
657 809 787 901 poterit
802 805 849 903 ⁴),
883 834 964 879 cum
986 809 1101 878 anim-

110 909 261 979 advertit
286 911 415 1004 quibus
440 923 502 980 aut
527 911 707 981 erroribus
731 923 794 982 aut
826 911 921 982 vitiis
949 909 1102 1003 implici-

29 1052 34 1067 =
111 1022 168 1081 tus
182 1011 239 1084 sit.

211 1107 359 1183 Accedit
374 1125 408 1183 et
419 1106 489 1182 hoc
503 1114 596 1206 quod
611 1114 687 1205 ipsa
702 1114 865 1204 cogitatio
887 1115 932 1183 de
954 1137 1101 1183 enume-

109 1213 246 1284 ratione
266 1213 408 1284 subiicit
423 1210 452 1309 ⁸)
476 1215 677 1306 conspectui
695 1229 819 1301 ,nostro
843 1215 1101 1308 turpitudinem

109 1328 350 1406 peccatorum,
390 1328 425 1386 et
444 1315 555 1405 magis
578 1318 744 1407 admonet
768 1341 833 1386 nos
859 1317 954 1407 ipsos
978 1318 1023 1387 de
1050 1317 1100 1385 ira

109 1414 200 1503 Dei,
233 1431 266 1487 et
284 1412 369 1486 haec
384 1409 413 1511 6)
437 1417 624 1507 disciplina
648 1419 789 1508 prodest
812 1419 979 1504 rudibus,
1020 1442 1100 1487 curn

109 1513 178 1588 hac
206 1518 472 1588 enumeratione
501 1518 664 1608 colligere
683 1533 718 1589 et
741 1520 939 1589 discenrere
961 1531 1101 1612 peccata

109 1619 264 1691 discunt
328 1617 399 1690 Sed
430 1632 549 1689 tamen
579 1633 741 1690 teneatur
773 1621 934 1691 doctrina
955 1622 1000 1690 de
1022 1620 1101 1699 lide,

108 1715 290 1814 propter⁷)
305 1715 486 1790 Christum
502 1720 610 1813 accipi
627 1720 891 1807 remissionem,
916 1746 990 1792 non
1016 1746 1101 1813 pro-

28 1834 31 1839 '
109 1835 190 1916 pter
211 1822 514 1892 enumerationem
531 1844 593 1892 seu
610 1823 875 1896 confessionem.

41 1916 56 1943 ⁸
212 1919 308 1992 Illud
324 1924 428 1992 etiarn
442 1919 680 2018 addendum⁸)
697 1938 764 2010 est,
789 1925 965 2016 pertinere
987 1926 1032 1994 ad
1044 1925 1101 1994 ol-

111 2023 231 2094 ficium
255 2039 435 2115 pastorum
451 2021 499 2118 ¹⁹),
530 2040 571 2095 ut
592 2027 696 2097 certis
717 2029 936 2117 temporibus
957 2027 1102 2096 audiant

110 2125 252 2219 plebem
267 2138 301 2195 et
314 2125 532 2216 interrogent
541 2121 580 2220 ²⁰)
596 2126 754 2216 singulos
769 2130 813 2196 de
828 2149 891 2196 sua
905 2128 983 2200 fide.
1010 2125 1099 2196 Nam

112 2228 218 2297 fidem
241 2226 389 2320 quisque
410 2228 569 2319 profiteri
591 2230 705 2302 dehet.
764 2227 834 2297 Hic
852 2230 1014 2298 rudiores
1037 2230 1102 2296 do-

112 2342 188 2398 ceat
200 2326 342 2414 Pastor,
367 2330 555 2399 admoneat
569 2330 673 2401 etiam
687 2331 731 2398 de
746 2330 905 2400 moribus
922 2356 978 2414 ea,
1012 2353 1102 2421 quae

110 2430 281 2499 videntur
311 2430 439 2499 idonea
471 2429 585 2501 aetati.
644 2429 715 2501 Sed
748 2432 934 2501 necessitas
965 2432 1103 2520 impons

112 2554 188 2600 non
210 2543 341 2623 potest,
370 2530 505 2602 occulta
528 2532 711 2605 recitandi.
771 2528 818 2601 Et
841 2535 886 2602 ad
906 2528 992 2603 baec
1007 2532 1104 2601 dilli-

113 2632 233 2702 cilima
257 2655 426 2716 munera,
451 2635 496 2701 ad
513 2633 671 2702 dandum
695 2633 902 2714 consilium,
928 2636 972 2702 ad
997 2634 1103 2703 ru'des

112 2733 364 2824 explorandos,
390 2745 425 2802 et
438 2734 634 2818 docendos,
659 2733 831 2803 ministris
854 2734 1010 2821 idoneis,
1033 2735 1103 2824 piis

111 2834 234 2927 peritis
250 2848 285 2904 et
301 2835 467 2924 gravibus
483 2859 572 2925 opus
588 2850 650 2904 est.

112 2945 158 3013 Ie
168 2951 274 3011 tertio
287 2945 515 3028 paragrapho
528 2942 589 3008 rebe·
600 2945 729 3009 dasem
746 2944 877 3010 absolve·
894 2943 1043 3009 honines
1059 2943 1104 3008 ab

309 3035 375 3110 e‘e'e,
394 3052 480 3115 qaae
491 3033 644 3112 legiam
656 3033 807 3116 conferet·
817 3041 908 3097 net.

212 3133 414 3206 Necessario
444 3135 609 3205 addenda
641 3148 694 3206 est
726 3133 929 3228 explicatio,
966 3134 1104 3206 absolvi

113 3236 284 3307 contritos
298 3237 402 3309 etiam
418 3237 464 3307 ab
480 3236 542 3322 iis,
567 3261 657 3331 qnae
682 3238 722 3307 in
745 3236 951 3309 recitatione
974 3237 1104 3306 omissa

1148 621 1285 679 menter
1302 607 1504 698 accipiatur.
1561 668 1566 679 .

1247 737 1326 809 Etsi
1342 751 1460 808 autern
1488 733 1547 808 hic
1562 760 1663 809 unus
1682 738 1782 809 locus
1802 741 1847 809 de
1872 740 2140 812 enumeratione

1149 865 1222 909 non
1255 840 1398 930 longam
1427 835 1535 909 habet
1564 839 1863 930 disputationem,
1907 854 2141 922 tamencum

1149 942 1403 1032 complectatur
1441 954 1553 1011 totarn
1589 940 1789 1011 doctrinam
1829 944 1873 1011 de
1909 940 2141 1034 poenitentia,

1148 1067 1285 1113 summa
1305 1043 1489 1112 voluntate
1511 1043 1557 1111 de
1587 1065 1628 1111 eo
1656 1038 1919 1135 respondemus.
1986 1041 2142 1116 Utilissi-

1148 1169 1247 1213 mum
1263 1158 1316 1215 est
1329 1144 1423 1213 enirn
1440 1145 1479 1212 in
1494 1138 1652 1212 Ecclesia
1669 1156 1785 1214 extare
1799 1145 1937 1213 firmem
1957 1156 1993 1214 et
2007 1143 2142 1236 perspi-

1149 1271 1250 1316 cuam
1266 1245 1465 1315 doctrinam
1487 1244 1531 1313 de
1543 1243 1773 1336 poenitentia.
1823 1241 1987 1337 &mque
2006 1244 2142 1314 discor-

1149 1348 1227 1416 diae
1252 1340 1380 1416 borum
1402 1358 1601 1438 temporum
1627 1346 1781 1436 primum
1804 1345 1997 1417 exarserint
2022 1369 2065 1416 ex
2088 1368 2144 1415 re-

1150 1443 1383 1540 prehensione
1395 1460 1615 1516 vetustorum
1632 1448 1806 1516 abusuum
1825 1447 1864 1515 in
1879 1446 2042 1539 partibus
2059 1470 2143 1539 poe·

1149 1549 1339 1635 nitentiae,
1363 1549 1527 1618 dedimus
1542 1571 1686 1639 operam
1705 1546 1838 1638 optima
1853 1548 1941 1632 lide,
1970 1559 2012 1617 ut
2027 1547 2142 1625 lucem

1149 1651 1322 1720 divinitus
1344 1663 1519 1719 ostensam
1544 1649 1589 1717 de
1611 1648 1779 1717 omnibus
1801 1647 2043 1741 poenitentiae
2062 1672 2143 1742 par·

1149 1753 1244 1823 tibus
1257 1751 1446 1842 diligenter
1461 1772 1760 1824 conservaremus.

1248 1881 1322 1954 Nec
1336 1883 1538 1972 ignoramus
1550 1880 1747 1974 sapientum
1760 1880 1912 1968 iudicia,
1936 1881 2014 1977 qui,
2033 1881 2143 1953 laxate

1149 1988 1225 2075 lege
1252 1987 1294 2054 de
1322 1983 1606 2063 enumeratione,
1643 1996 1841 2075 queruntur
1868 1983 1958 2053 solvi
1986 1982 2142 2072 discipli-

1150 2111 1243 2159 nam.
1292 2082 1341 2155 Et
1356 2099 1396 2155 nt
1407 2082 1560 2154 Basilius
1575 2083 1713 2167 scribit,
1743 2087 1925 2176 quendam
1948 2085 1989 2153 in
2012 2085 2142 2154 refuta-

1150 2189 1245 2259 tione
1272 2185 1389 2256 nescio
1414 2186 1512 2256 cuius
1533 2184 1663 2253 erroris
1687 2184 1826 2273 longius
1842 2198 2071 2276 provectum,
2093 2184 2141 2254 ie-

1150 2290 1236 2359 cisse
1252 2282 1498 2378 Agricolarum
1518 2309 1635 2370 more,
1666 2285 1727 2379 qui
1753 2310 1834 2354 cum
1856 2307 1982 2355 curvas
1999 2284 2143 2356 frondes

1091 2429 1100 2446 ·
1150 2390 1335 2459 extendere
1350 2401 1541 2471 conantur,
1560 2398 1600 2456 ut
1614 2399 1728 2455 rectae
1743 2399 1917 2472 crescant,
1939 2386 2142 2479 plusculum

1150 2491 1336 2559 inllectunt
1357 2511 1414 2557 eas
1438 2489 1477 2557 in
1507 2487 1720 2558 contrariam
1747 2501 1899 2578 partem:
1935 2488 1987 2558 ita
2013 2487 2143 2557 scimus

1147 2591 1319 2686 ,quosdam
1351 2612 1498 2679 magnae
1529 2588 1730 2660 autoritatis
1762 2584 1924 2658 homines
1960 2590 2006 2658 de
2042 2587 2144 2658 nobis

1150 2717 1291 2787 quoque
1309 2691 1475 2775 iudicare,
1491 2702 1630 2760 nostros
1643 2689 1886 2780 magnitudine
1901 2702 2066 2761 veterum
2083 2687 2145 2759 ab·

1151 2819 1280 2863 usuum
1306 2805 1440 2878 motos,
1481 2791 1568 2860 dum
1594 2784 1838 2861 vehementius
1870 2815 1929 2862 eos
1958 2790 2146 2882 exagitant,

1151 2895 1291 2984 longius
1305 2895 1343 2963 in
1359 2893 1504 2964 alteram
1518 2905 1674 2983 partem,
1701 2893 1802 2985 qnasi
1817 2893 1930 2961 ventis
1944 2892 2145 2962 eontentio-

1151 3021 1238 3068 num
1260 2994 1447 3088 propulsos
1474 3015 1557 3065 esse.
1623 2988 1728 3063 Nunc
1752 3017 1774 3064 e
1795 2993 2014 3086 sapientibus
2038 3015 2109 3088 qua

1150 3099 1296 3169 rendam
1311 3120 1383 3167 esse
1402 3090 1694 3168 moderationem.
2100 3116 2115 3131 ·

1251 3225 1331 3298 Etsi
1349 3239 1465 3298 autern
1488 3226 1669 3295 interdum
1692 3224 1731 3293 in
1754 3221 2044 3293 contentionibus
2062 3235 2145 3293 sunt

28 5322 35 5334 ·
151 5301 180 5365 9)
198 5301 266 5353 Bac.
281 5297 419 5354 Pastoris.

113 3351 214 3422 sunt,
238 3351 300 3409 aut
313 3362 403 3432 quae
415 3339 636 3429 ignorantur.
682 3334 731 3410 Et
743 3340 893 3409 verbum
914 3333 1103 3433 (legitime)
1151 3332 1304 3422 impetus
1318 3326 1559 3410 immoderati,
1589 3340 1706 3396 tamen
1730 3323 1767 3392 in
1789 3318 1856 3394 bac
1876 3337 1948 3393 tota
1974 3346 2079 3393 causa
2102 3323 2145 3393 de

113 3439 227 3532 pariet
243 3441 438 3531 scrupulos.
489 3436 574 3510 ldeo
595 3440 704 3510 satius
725 3453 814 3511 esset
836 3433 1103 3530 hancpartieu·
1151 3431 1370 3525 poenitentia
1397 3444 1491 3500 certo
1520 3425 1671 3511 scimus,
1711 3447 1777 3494 nos
1801 3423 1895 3495 intra
1916 3448 2017 3495 veras
2037 3439 2144 3495 metas

112 3540 327 3615 lamomitti.
376 3536 426 3611 Et
439 3541 601 3611 contritis
624 3565 664 3611 ac
686 3541 911 3612 credentibus
930 3540 1105 3629 contingit
1151 3533 1364 3617 constitisse,
1400 3543 1435 3601 et
1462 3529 1649 3625 salutarem
1690 3526 1887 3596 doctrinam
1922 3523 2146 3598 instaurasse.

114 3641 220 3711 etiam
232 3641 312 3710 aliis
335 3640 452 3711 modis
472 3641 633 3712 remissio
653 3665 716 3734 per
736 3642 919 3733 publicum
942 3641 1105 3712 ministe-
1150 3634 1222 3705 Nec
1237 3635 1460 3715 dubitamus,
1486 3632 1530 3698 ad
1546 3628 1675 3698 iudicia
1690 3651 1793 3696 verae
1807 3622 2004 3711 Ecclesiae,
2030 3627 2145 3711 idest,

114 3742 208 3813 rium
223 3738 422 3831 Evangelii.
1152 3737 1312 3807 omnium
1327 3734 1468 3826 piorum
1484 3743 1557 3801 toto
1574 3731 1659 3802 orbe
1676 3742 1850 3798 terrarum
1865 3751 2071 3820 provocare·

1252 3884 1415 3956 Primum
1442 3892 1579 3965 autem,
1620 3879 1666 3949 ad
1696 3877 1855 3970 querelas
1881 3877 1926 3946 de
1956 3875 2146 3971 disciplina

93 4100 97 4105 .
185 4051 381 4125 detegi-aphau
394 4051 632 4127 mnucnmggffl
647 4052 779 4123 seriptum
794 4051 823 4106 3„
837 4050 911 4107 Aah
926 4048 1034 4125 eoltoq.
1048 4051 1105 4105 Ra·
1152 3990 1306 4059 brevrter
1327 3983 1629 4077 respondebamus.
1686 3976 1819 4048 Paulus
1842 3989 1981 4062 monet,
2015 4002 2056 4047 ιιι
2074 3974 2145 4049 Ec.

218 4124 281 4177 tisb.
294 4125 321 4176 io
337 4123 399 4177 cod.
408 4120 492 4177 Goth.
499 4123 560 4176 647.
574 4121 792 4176 contulimnn-
806 4120 1008 4176 Bucerurbunc
1019 4133 1104 4174 toturn
1152 4090 1256 4161 deSlfl
1270 4085 1445 4159 humanas
1458 4082 1667 4154 traditiones
1682 4073 1811 4196 haber?
1826 4077 1991 4195 'medem‘
2004 4077 2145 4170 ΜΡῙΕΡ·

219 4192 310 4245 locum
324 4191 479 4256 nonhabet,
495 4191 623 4258 usquein
638 4188 1122 4261 latinonequeingernrenicoecri··
1152 4192 1231 4265 539,
1280 4188 1393 4280 Saepe
1407 4186 1503 4255 enim
1518 4181 1742 4253 incommode
1755 4191 2095 4270 mrscentsaprentes
2112 4193 2146 4251 et

219 4270 275 4329 ¹²²⁰·
303 4260 357 4313 ⁵⁶⁶
372 4259 400 4312 ³¹¹
415 4258 600 4314 M‘¹³¹¹¹¹²⁰¹¹³⁸
611 4267 685 4313 “¹¹⁰
696 4258 776 4312 ‘¹³⁸³'
789 4256 946 4330 ⁸²²⁰⁸¹¹⁵⁰⁰
959 4258 1069 4330 ΨΜ·
1152 4291 1291 4387 politici
1312 4289 1383 4359 viri
1402 4285 1626 4376 disciplinam
1646 4306 1706 4352 seu
1723 4293 1903 4350 externam
1915 4280 2145 4368 gubernatio-

118 4377 174 4440 De
193 4381 440 4440 enumeratione
460 4376 658 4480 delictorum
675 4379 714 4437 ἐκ
728 4373 957 4479 Conferamus,
977 4369 1105 4457 confir·
1152 4374 1234 4464 nem
1262 4416 1342 4464 mm
1364 4385 1550 4480 spirituali,
1608 4382 1739 4454 Laxata
1758 4381 1852 4470 lege,
1875 4380 2067 4475 inquiunt,
2091 4405 2144 4450 se-

389 4467 493 4525 mim
512 4461 655 4525 ΨΜ
670 4456 831 4524 ‘mmm'
1153 4496 1336 4566 curitatem
1354 4492 1394 4560 in
1416 4487 1524 4576 vulgo
1547 4485 1688 4574 augeri,
1718 4493 1753 4552 et
1775 4505 1929 4554 messem
1950 4481 2145 4567 licentiam,

582 3921 649 3999 ΙΙΙ.

222 4578 312 4651 Iussi
326 4605 447 4652 sumus
462 4583 611 4654 articulo
634 4594 756 4652 nostro
778 4580 823 4649 de
841 4578 1105 4650 enumeratione
1153 4597 1283 4666 mullos
1312 4588 1547 4683 negligentius
1573 4587 1726 4667 discere,
1767 4606 1859 4678 quae
1891 4582 1965 4654 sint
1995 4598 2146 4677 peccata,

120 4682 330 4752 delictorum
346 4683 384 4752 in
399 4684 636 4769 consessione,
658 4684 788 4753 addere
800 4693 943 4752 nostrae
964 4694 1105 4752 senten·
1152 4700 1211 4794 qut
1232 4695 1380 4788 gradus,
1404 4686 1723 4788 quaediecrimina.

1254 4842 1311 4915 Aa
1328 4836 1414 4911 baec
1426 4834 1693 4928 respondemus:
1718 4832 1844 4922 ingens
1863 4830 2056 4902 discrimen
2073 4856 2144 4903 esse

1153 4951 1247 5017 inter
1268 4969 1308 5016 ea
1336 4965 1425 5037 quae
1445 4937 1625 5031 pertinent
1645 4937 1690 5003 ad
1713 4946 1892 5002 externam
1909 4933 2147 5025 disciplinam,

1154 5065 1187 5120 et
1204 5050 1283 5132 illa,
1305 5068 1395 5140 quae
1414 5045 1459 5112 ad
1479 5034 1676 5129 spiritualia
1695 5035 1887 5104 certamina
1909 5036 2147 5105 conscientiae

1155 5149 1320 5221 luctantis
1333 5171 1413 5216 cum
1428 5144 1481 5213 ira
1496 5138 1564 5211 Dei
1578 5136 1766 5231 pertinent
1816 5133 1934 5208 Habet
1956 5137 2144 5229 disciplina

1154 5275 1234 5323 suas
1249 5251 1340 5338 leges
1354 5261 1388 5318 et
1400 5267 1482 5316 suos
1506 5264 1651 5324 nervos,
1674 5237 1800 5330 puniat
1811 5232 1969 5307 Ecclesia
1991 5239 2146 5329 flagitio-

1153 5377 1210 5424 sos
1234 5343 1614 5430 excommunicatione,
1643 5337 1786 5412 acribus
1809 5337 2062 5428 concionibus,
2089 5340 2147 5409 in·

153 4876 182 4948 4)
203 4877 269 4932 Bae.
286 4887 386 4942 potest.

152 4965 180 5032 ὁ)
199 4962 267 5016 Bac·
279 4962 421 5016 subiisset.

153 5046 182 5115 6)
199 5049 270 5099 eaeo
281 5063 337 5097 non
351 5042 430 5097 babet
441 5043 507 5097 Mel.

152 5133 181 5202 7)
198 5132 267 5186 Bne.
280 5130 427 5198 metae,
439 5131 500 5199 fide
510 5138 634 5199 propter.

150 5217 179 5285 8)
195 5216 262 5270 Bne.
276 5216 493 5268 admonendum.

141 5389 192 5451 10)
204 5385 278 5453 Bac..
289 5385 397 5437 ardrie!
410 5411 446 5427 -
461 5384 625 5456 r'alerroget.
