4522 5752
108 182 183 263 aas
686 162 1120 253 urtsrouattuu
1169 176 1278 255 ΗΒ.
1309 176 1376 253 tx.
1429 174 1563 259 1⁶42.
2079 180 2141 257 su

96 347 274 437 ,Christus
297 350 364 421 ait:
397 341 589 445 Quicquid
604 341 782 442 petieritis
796 338 944 417 Patrem
969 344 1010 417 in
1034 368 1103 417 uo-

107 451 205 525 nu‘ue
220 474 317 537 meo,
342 444 446 520 dabit
466 448 576 519 cobis.
604 447 694 541 ¹His
714 450 797 519 freti
822 450 1002 540 promissis
1023 473 1103 520 ore·

103 580 185 637 ,snus
207 552 323 623 Deum
344 565 489 643 propter
508 546 690 622 Christum
720 564 754 620 et
784 552 932 641 gloriam
956 552 1013 622 sui
1037 574 1104 621 no-

108 656 234 738 minis,
265 666 307 723 ut
327 651 367 725 C.
384 652 428 728 V.
451 654 640 743 gubernet,
674 662 831 737 tueatur,
863 676 902 722 ac
927 654 1104 734 defendat,
1155 628 1346 743 Quoniam
1377 652 1613 747 proficiscitur
1644 653 1893 725 commissione
1919 650 2145 745 Reipublicae

111 772 145 830 et
159 755 307 827 feliciter
320 756 465 825 reducat
479 754 650 838 victores,
676 753 812 833 reiectis
826 777 866 821 ac
892 754 1016 824 deletis
1038 754 1106 821 im·
1154 752 1447 844 Argentinensis,
1473 778 1563 851 quae
1576 752 1773 845 Evangelio
1787 778 1921 825 nomen
1935 756 2050 841 dedit,
2072 782 2144 827 rum

110 856 325 931 inanissimis
340 852 513 927 hostibus.
565 852 604 924 ld
623 855 775 946 precari,
797 856 832 925 id
857 880 958 925 orare
983 868 1018 925 et
1040 878 1104 945 pro
1155 856 1242 943 aliisi
1257 858 1548 947 protestantibus:
1575 857 1690 948 prima
1704 881 1789 927 cura
1805 858 1867 938 sit,
1893 870 1937 927 ut
1960 858 2039 949 ipse
2055 882 2145 949 prae-

106 946 235 1031 ¹nostrb
271 954 486 1055 Imperatore
518 957 789 1029 clementissimo
829 969 935 1050 atque
970 957 1105 1048 optimo
1156 960 1197 1027 c'o
1213 958 1333 1044 verbi,
1358 960 1469 1053 etqui
1483 960 1551 1029 sub
1566 959 1696 1028 vexillo
1711 954 1968 1049 Argentineusi
1991 960 2145 1045 militant,

112 1060 299 1151 Principe,
324 1073 359 1130 et
377 1084 440 1151 pro
456 1058 501 1128 V.
517 1054 558 1132 C.
575 1070 611 1128 et
627 1058 792 1128 universo
813 1071 936 1129 nostro
952 1058 1107 1130 exercitu
1156 1061 1354 1131 doctrinam
1369 1062 1558 1131 servatoris
1573 1058 1642 1130 Dei
1658 1074 1787 1131 ornent
1802 1060 1841 1129 in
1857 1062 2045 1135 orauibus.
2089 1062 2144 1131 Se-

106 1162 291 1241 ,convenit
340 1150 484 1231 Etenim
506 1184 586 1231 eum
611 1184 734 1230 ornnes
760 1161 920 1231 omnium
948 1161 1107 1249 gentium
1156 1163 1295 1247 cundo,
1326 1162 1555 1233 concionator
1583 1162 1743 1245 ornabit,
1774 1162 1806 1230 si
1835 1161 1963 1232 firmus
1988 1161 2143 1233 fueritin

109 1262 298 1355 historias,
323 1262 538 1355 populorum
561 1284 697 1345 mores,
730 1262 914 1347 militiam,
940 1260 1109 1332 domesti-
1157 1286 1319 1333 sermone
1333 1287 1439 1347 sano,
1464 1264 1729 1333 conversatione
1744 1258 2073 1355 irreprehensibili,
2096 1264 2142 1331 cli-

108 1390 192 1443 ,cam
215 1378 279 1435 aut
299 1377 510 1435 castrensem
530 1363 771 1453 disciplinam,
798 1386 852 1433 res
874 1377 987 1453 gestas
1003 1377 1108 1456 atque
1157 1365 1320 1450 lectione,
1346 1365 1493 1457 spiritu,
1517 1365 1605 1445 lide,
1632 1364 1796 1457 puritate.
1845 1363 2141 1435 Subiectivexillo

111 1466 266 1559 ,imperia
285 1466 413 1555 colligo
438 1478 473 1535 et
491 1464 692 1549 considero,
718 1465 863 1535 invenio
886 1465 1024 1534 nullam
1043 1487 1109 1533 na·
1157 1464 1410 1556 Argentinensi
1433 1467 1630 1553 omahunt,
1653 1467 1684 1535 si
1704 1464 1888 1535 doctrinae
1910 1464 2060 1535 loannis
2082 1464 2140 1561 (Ne

118 1570 253 1641 tionem
283 1566 456 1647 extitisse,
492 1566 533 1634 in
564 1570 633 1659 qua
664 1566 744 1656 plus
775 1567 881 1637 fuerit
908 1566 1109 1656 impietatis,
1158 1593 1264 1660 quem
1294 1567 1522 1647 concutiatis,
1560 1591 1649 1637 neve
1674 1568 1970 1653 calumniemini,
2009 1582 2045 1637 et
2065 1592 2139 1639 con·

119 1668 352 1755 crudelitatis,
376 1666 628 1757 flagitiosarum
641 1667 846 1751 libidinum,
872 1668 1025 1762 denique
1041 1667 1109 1735 im·
1158 1669 1247 1739 tenti
1273 1682 1381 1741 estote
1402 1669 1588 1761 stipendiis
1609 1663 1751 1763 vestris)
1781 1669 1985 1762 paruerint:
2019 1668 2139 1739 tumin

118 1770 300 1841 munitatis
315 1770 353 1838 in
369 1768 467 1838 omni
487 1791 631 1857 genere,
658 1794 760 1861 quam
785 1769 822 1837 in
839 1763 982 1841 Turris.
1034 1768 1108 1837 Alii
1159 1785 1251 1841 terra
1273 1771 1487 1856 amicorum,
1512 1784 1588 1841 tum
1613 1772 1652 1839 in
1671 1766 1828 1840 bostium
1850 1772 1947 1859 agris
1971 1770 2138 1861 obtempe-
2183 1778 2185 1793 '

121 1897 219 1963 reges
242 1896 281 1940 ac
303 1871 427 1965 populi
442 1870 489 1940 ita
503 1883 684 1957 gesseruut
697 1870 809 1954 bella,
834 1881 875 1939 ut
889 1883 1007 1961 postea
1019 1867 1110 1941 Res·
1160 1872 1270 1942 rarint
1286 1872 1496 1962 capitaneis,
1521 1896 1561 1941 ac
1578 1866 1684 1942 huius
1703 1873 1842 1961 legatis,
1868 1873 1955 1942 item
1978 1872 2136 1945 vexillife-

120 1976 206 2069 pub.
230 1972 384 2063 legibus,
409 1972 569 2041 moribus
590 1985 625 2040 et
646 1970 817 2059 religione
831 1986 1010 2045 ornarent.
1062 1970 1111 2041 At
1159 1974 1224 2043 ris:
1252 1973 1314 2067 qui
1338 1973 1406 2041 viri
1429 1987 1513 2043 suut
1533 1973 1689 2045 veritatis
1710 1998 1750 2043 ac
1772 1968 1969 2045 honestatis
1981 1973 2136 2044 amantis·

112 2070 388 2147 'Turcoenullis
402 2073 501 2142 iustis
516 2073 684 2141 decausis
698 2073 789 2141 bella
806 2086 960 2155 movent,
984 2084 1112 2163 gerunt
1160 2075 1253 2147 simi.
1311 2062 1506 2171 Carporus
1525 2076 1631 2144 etiam
1654 2064 1888 2145 concionator
1899 2076 1972 2145 iam
1989 2074 2137 2144 nomina·

123 2172 380 2261 crudelissime,
403 2187 589 2267 postquam
608 2173 788 2259 uicerunt,
815 2174 1020 2265 religiones,
1046 2174 1111 2241 ho·
1163 2176 1205 2247 tis
1228 2200 1264 2245 se
1286 2175 1426 2265 iungat,
1460 2176 1606 2247 illorum
1627 2176 1793 2247 sodalitio
1817 2176 1979 2259 intersit,
2010 2200 2094 2269 quos
2111 2192 2137 2247 et

113 2275 189 2349 'isos
211 2298 344 2358 mores,
370 2288 533 2345 ettotam
558 2274 698 2344 civilem
722 2273 944 2365 disciplinam
968 2276 1112 2359 tollunt,
1162 2291 1326 2368 patronos
1344 2291 1378 2346 et
1395 2290 1526 2347 tutores
1542 2272 1704 2349 habebit:
1725 2274 1854 2347 horum
1869 2278 2022 2348 consilio
2045 2280 2138 2345 etde-

124 2388 160 2450 et
181 2380 334 2449 devictas
352 2377 513 2447 nationes
528 2377 572 2445 ad
588 2376 822 2445 miserrimam
838 2390 871 2447 et
885 2378 1022 2446 foedam
1039 2398 1112 2445 ser·
1160 2379 1387 2463 liberatione,
1410 2380 1553 2472 quaudo
1569 2392 1604 2449 et
1626 2379 1764 2472 quoties
1783 2392 1884 2470 putat
1900 2380 2011 2465 utile,
2042 2391 2075 2451 et
2092 2402 2139 2447 ae-

126 2481 273 2571 vitatem
299 2480 476 2567 redigunt.
522 2476 658 2570 ‚ltaque
679 2478 764 2547 sciat
790 2476 881 2547 Cels.
904 2476 948 2551 V.
977 2476 1111 2547 bellum
1160 2480 1381 2550 dificaturum
1405 2480 1570 2563 verbum,
1596 2476 1875 2552 cohortationem
1898 2474 2050 2565 habeat,
2075 2502 2140 2549 ma·

125 2584 204 2654 iure
224 2595 259 2652 et
279 2584 445 2651 mandato
461 2577 546 2663 Dei,
571 2592 739 2672 tanquam
763 2582 930 2649 adversus
950 2579 1112 2649 saevissi-
1159 2582 1252 2651 xime
1273 2581 1398 2651 diebus
1417 2578 1626 2651 Dominicis.
1684 2579 1837 2669 Quarta:
1875 2604 1921 2649 ne
1951 2606 2039 2653 vero
2066 2604 2141 2651 con·

126 2705 203 2753 mos
223 2678 441 2775 bomines¹)‚
473 2682 666 2770 gerendum
690 2703 775 2753 esse.
827 2677 899 2770 lpsi
922 2681 1016 2748 enim
1041 2680 1111 2749 iam
1160 2684 1280 2753 ciones
1304 2683 1515 2751 sacrosancti
1535 2680 1722 2773 Evangelii
1743 2685 1965 2774 contemptui
1996 2678 2143 2753 babean-

125 2784 431 2857 inferunthellum
447 2794 499 2852 tot
514 2781 659 2866 seculis,
683 2792 720 2850 et
733 2782 770 2849 in
792 2780 868 2871 lege
891 2804 953 2851 sua
969 2776 1113 2851 Mado-
1162 2799 1239 2864 tur,
1265 2797 1363 2855 curet
1386 2808 1431 2851 ne
1452 2784 1524 2853 sint
1546 2784 1700 2854 nimium
1727 2784 1903 2874 prolixae,
1926 2799 1989 2856 aut
2012 2783 2143 2853 nimiae.

126 2884 254 2957 metica
275 2887 311 2954 id
327 2884 555 2976 profitentur,
579 2905 615 2951 se
631 2877 748 2951 hostes
761 2906 834 2952 esse
850 2883 1009 2952 omnium
1028 2906 1113 2973 geu·
1161 2884 1314 2974 Quinta:
1341 2885 1389 2955 ita
1411 2885 1541 2977 poterit
1563 2886 1723 2977 proxima
1738 2883 1930 2955 Dominica
1942 2883 2092 2957 Cantate
2110 2887 2143 2953 in

125 2990 227 3059 tium.
278 2984 399 3078 ltaque
433 3000 600 3077 tanquam
622 2983 776 3054 latrones
810 2985 938 3074 depelli
972 2988 1113 3056 deluat.
1161 2979 1364 3056 Biscbolfen
1384 2986 1553 3056 concione
1572 3009 1669 3055 sacra
1683 2986 1857 3077 auspicari
1880 2986 2145 3077 profectionem

127 3088 258 3177 Magna
284 3087 477 3157 consolatio
503 3099 573 3164 est,
614 3087 708 3177 quod
733 3088 896 3154 mandato
921 3083 988 3154 Dei
1012 3110 1113 3173 roga·
1162 3099 1302 3177 petatur
1333 3087 1431 3156 locus
1458 3087 1497 3156 iu
1527 3088 1679 3175 templo,
1715 3088 1779 3178 qui
1810 3113 1882 3157 non
1907 3088 2146 3179 denegabitur,

126 3214 208 3259 mur
231 3190 311 3260 illos
336 3188 521 3278 depellere.
572 3184 646 3255 Hac
668 3187 906 3255 consolatione
931 3187 1114 3256 confirmet
1161 3189 1303 3281 quando
1335 3185 1511 3257 Dominus
1542 3179 1713 3257 uBitsch
1745 3212 1826 3260 suos
1859 3190 1991 3262 nostris
2023 3190 2147 3279 iunget.

127 3316 163 3361 se
176 3289 217 3364 C.
235 3289 277 3359 V.
291 3303 323 3360 et
339 3286 667 3359 memineritDeum
689 3288 855 3357 adiuvare
871 3312 952 3372 nos,
978 3313 1056 3356 cum
1074 3312 1112 3357 ea
1162 3290 1281 3359 Sexta:
1308 3289 1476 3381 quoniam
1491 3313 1574 3358 vero
1594 3290 1730 3359 fidelem
1752 3304 1789 3361 ct
1810 3292 2028 3382 prudentem
2050 3314 2146 3383 opor·

127 3386 280 3483 ¹gerimus
301 3415 392 3484 quae
416 3392 518 3460 iussit
546 3412 630 3473 nos,
671 3402 711 3459 ut
737 3390 786 3458 ait
808 3387 940 3459 David:
972 3383 1112 3457 Revela
1162 3403 1213 3460 tet
1233 3412 1306 3459 esse
1329 3391 1606 3480 dispensatorem
1632 3392 1879 3486 mysteriorum
1903 3388 1974 3461 Dei
2011 3392 2051 3461 in
2082 3405 2144 3461 tan

126 3490 295 3566 Durniao
318 3493 413 3559 viam
438 3501 559 3575 tuam,
591 3498 622 3558 et
646 3488 721 3585 ipse
737 3487 867 3587 saciet.
926 3490 996 3560 Sed
1028 3491 1114 3559 nolo
1162 3491 1361 3581 promiscuo
1384 3490 1579 3561 auditorio:
1605 3493 1724 3561 videat
1749 3492 1940 3582 diligenter
1961 3492 2146 3562 conciona-

127 3619 200 3665 esse
216 3593 398 3685 prolixior.
447 3589 577 3662 Extant
593 3592 687 3660 enim
703 3591 816 3661 libelli
837 3594 880 3660 de
894 3587 959 3661 hac
977 3616 1015 3660 re
1029 3591 1114 3660 dili·
1163 3605 1238 3677 tor,
1268 3586 1467 3661 ceu'bonus
1489 3594 1757 3684 paterfamilias,
1787 3606 1828 3663 ut
1848 3594 1922 3662 illis
1945 3596 2144 3665 demensum

127 3709 250 3787 genter
264 3707 297 3763 et
312 3706 470 3763 accurate
485 3692 605 3783 scripti
629 3706 663 3760 et
683 3693 776 3762 lectu
796 3694 910 3765 utiles.
961 3692 1001 3763 Si
1014 3689 1055 3765 C.
1071 3690 1115 3761 V.
1162 3693 1353 3763 detetiam
1378 3693 1608 3785 intempore.
1666 3692 1786 3764 Maior
1806 3718 1887 3785 pars
1911 3695 2144 3766 lanceatorum

126 3796 264 3868 venerit
304 3796 349 3864 ad
390 3806 551 3885 patruum
596 3792 791 3885 principem
830 3789 1114 3886 Mogccntc'uum,
1163 3794 1239 3863 sine
1260 3790 1355 3877 Deo,
1379 3794 1456 3863 sine
1477 3790 1641 3878 Christo,
1666 3794 1743 3864 siue
1766 3797 1893 3865 timore
1907 3793 1998 3883 Dei,
2023 3810 2060 3867 et
2078 3794 2143 3865 siue

127 3922 257 3992 quaeso
282 3910 323 3967 ut
350 3919 407 3964 me
430 3896 462 3964 ei
487 3896 727 3973 commendet,
761 3894 862 3987 eique
884 3893 973 3962 meis
997 3896 1114 3963 verbis
1162 3894 1378 3987 poenitentia
1395 3895 1493 3968 vivit.
1544 3894 1689 3987 Igitura
1712 3896 1879 3985 gradihus
1901 3895 2144 3989 vitaeimpiae,

127 4001 254 4090 gratias
272 4012 350 4087 agat
365 4021 431 4089 pro
446 4011 573 4066 navata
589 4019 694 4087 opera
710 3994 748 4062 iu
765 3995 1001 4087 pacificatione
1017 4020 1115 4066 sum·
1163 3996 1320 4090 quisunt
1339 3995 1495 4081 vanitas,
1517 3998 1647 4067 mentis
1670 3998 1934 4081 obtenebratio,
1958 3996 2143 4069 excaecatio

127 4126 188 4173 mo
202 4100 371 4184 consilio,
391 4110 424 4166 et
440 4121 576 4181 summa
592 4097 676 4180 lide,
701 4120 741 4165 ac
755 4096 964 4187 polliceatur
977 4096 1021 4182 ei,
1046 4121 1114 4183 me,
1163 4096 1280 4166 cordis
1302 4110 1337 4166 et
1350 4096 1545 4167 indolentia
1566 4098 1672 4193 (quae
1687 4114 1738 4169 est
1753 4097 1812 4167 ein
1828 4092 1998 4169 ecrruclrt
2014 4092 2142 4189 Leues)

127 4205 223 4297 quod
248 4215 347 4271 antea
371 4198 476 4269 etiam
498 4196 722 4268 feci'summa
737 4197 938 4288 diligentia,
962 4199 1115 4269 ubicun-
1163 4197 1429 4287 diligentissime
1462 4192 1669 4269 dehortetur
1700 4223 1777 4285 eos,
1821 4214 1855 4271 et
1885 4201 2084 4272 obtestetur
2109 4212 2143 4268 ut

127 4298 196 4399 qrie
220 4304 288 4373 erit
309 4300 463 4384 occasio,
486 4298 663 4370 Ecclesiae
686 4300 911 4369 concordiam
935 4300 1115 4392 quaesitu·
1162 4293 1343 4369 Christum
1362 4298 1519 4383 audiant,
1542 4300 1695 4370 discant:
1719 4304 1899 4393 deponant
1915 4316 2072 4373 veterem
2086 4294 2144 4371 be-

126 4431 206 4478 rum
223 4418 257 4473 et
272 4402 505 4473 dissensiones
517 4401 759 4490 mitigaturum
774 4424 858 4474 esse.
885 4396 992 4471 Anno
1005 4400 1115 4475 1542.
1163 4400 1316 4479 minem,
1342 4412 1375 4468 et
1396 4399 1592 4470 induantur
1612 4426 1726 4486 novo,
1758 4401 1789 4471 si
1814 4402 1926 4472 velint
1950 4396 2146 4475 contraho·

90 4520 94 4525 '
1163 4515 1231 4570 stes
1254 4496 1447 4571 Christiani
1472 4501 1627 4571 nominis
1648 4503 1796 4572 feliciter
1814 4527 1994 4593 pragnare,
2021 4526 2144 4573 memo-

1162 4626 1218 4673 res
1231 4615 1428 4671 armaturae
1440 4600 1518 4681 Dei,
1544 4606 1587 4672 ad
1601 4599 1774 4695 Ephesios
1788 4604 1927 4679 ultimo.
1980 4604 2144 4696 Septima:

124 4706 192 4780 No.
206 4703 321 4781 2497.
910 4708 985 4788 (hoo
998 4708 1114 4789 feret.)
1163 4716 1214 4774 est
1241 4703 1385 4797 quidem
1408 4715 1480 4773 tota
1498 4699 1614 4773 Biblia
1639 4704 1785 4795 epistola
1808 4706 2066 4798 omnipotentis
2085 4703 2145 4777 Dei

130 4799 303 4831 Μ
671 4886 678 4903 ⁸
871 4872 880 4887 ,
934 4799 1105 4829 Μ
1161 4806 1206 4874 ad
1221 4818 1543 4891 creaturamsuam:
1570 4830 1640 4899 quo
1657 4806 1695 4875 in
1710 4830 1857 4877 munere
1873 4822 1909 4879 et
1931 4808 2066 4878 milites
2086 4829 2143 4899 pro

315 4881 459 4969 Hedio
490 4882 552 4967 ad
582 4880 922 4989 Stetnbacftl'um.
1161 4906 1273 4996 patria
1289 4919 1486 4998 pugnantes
1500 4907 1671 4976 collocare
1694 4907 1792 4977 libet.
1842 4905 1884 4977 In
1900 4904 2096 4998 Evangelio
2116 4918 2145 4976 et

225 5062 323 5121 Mam
335 5064 406 5119 terea
493 5062 545 5117 47⁸
1161 5008 1200 5075 in
1218 5005 1330 5079 Paulo
1354 5032 1528 5103 nusquam
1554 5032 1629 5077 non
1650 5021 1843 5079 occurrunt
1862 5024 2070 5099 argumenta
2094 5033 2147 5079 co-

408 5081 481 5137 ar·
555 5080 615 5135 us·
1187 5108 1196 5125 ·
1355 5110 1363 5126 ·
1535 5108 1544 5125 ·
1763 5110 1771 5126 ·
1891 5110 1930 5128 ··

1160 5130 1277 5198 prosa,
1303 5110 1432 5202 qmbus
1446 5123 1673 5180 concionator
1688 5110 1836 5180 belhcus
1852 5112 2007 5183 mrlrtem
2025 5125 2146 5183 macta·

1159 5209 1252 5278 tioni
1279 5210 1491 5280 destinatum
1516 5209 1561 5280 ab
1590 5211 1794 5301 impuritate
1823 5211 1936 5297 vitae,
1973 5214 2145 5285 mentione

155 5344 186 5409 1)
202 5340 384 5395 ugrum,
1159 5311 1251 5381 vitae
1272 5324 1452 5397 aeternae,
1483 5313 1751 5384 resurrectionis
1777 5326 1813 5385 et
1836 5312 1965 5385 iudicii
1990 5336 2145 5386 revocare

1153 358 1357 472 [astru-ctio
1396 424 1466 499 pro
1506 390 1641 499 Casp.
1679 396 1944 473 Steinbaclc
1984 400 2143 476 arinistco

1230 500 1344 586 verbi,
1375 497 1432 575 ud
1450 498 1714 601 expeditionem
1728 498 1935 597 ΙΊίινειέιιιη
1959 502 2078 603 tate.

118 5224 326 5241 0--——--
