4522 5752
197 230 274 311 117
383 226 388 233 ’

208 439 278 516 Νο.
293 440 408 518 2258.

203 538 417 578 m

497 640 564 728 Io.
591 640 892 731 Wcinloubio.

759 234 1193 320 EPISTOLARUM

1015 460 1074 523 29.
1092 452 1178 521 Mall.

1010 544 1184 599 Q

1242 236 1352 325 LlB.
1383 242 1487 328 Vlll.
1539 242 1672 331 tdtt.
1755 298 1763 321 =
2160 258 2234 339 141

1242 417 1325 489 aula
1340 416 1477 495 Vestra.
1533 418 1681 495 Nostrae
1700 425 1894 499 sententias
1914 426 2023 501 etiam
2042 428 2236 527 aliquando

1241 520 1414 592 videndas
1428 522 1584 611 mittam,
1608 538 1651 597 ut
1663 526 1784 599 videas
1801 530 1981 603 moderate
2000 554 2071 603 noa
2090 554 2237 629 reapon-

1241 622 1335 693 disse
1343 619 1384 719 ι’).
1435 622 1627 715 Negotium
1640 630 1762 720 generi
1777 632 1849 701 mei
1861 630 1988 703 Sabini
2002 634 2049 705 de
2070 638 2236 711 amessia-

1239 748 1296 812 ne,
1321 750 1429 820 quam
1445 724 1708 803 lllustrissimus
1724 730 1895 827 Princeps
1908 734 1943 807 ei
1957 736 2129 824 decrevit,
2153 738 2235 811 Tibi

146 864 152 879 ·
260 840 375 897 Exacto
409 838 462 893 ‚in
478 838 540 895 cod.
553 837 736 898 Scidllread.
752 860 796 915 ep.
812 842 856 898 28.
876 840 945 897 edita
966 842 994 897 iu
1013 841 1188 915 Wegschei-
1239 825 1289 900 lla
1304 830 1533 915 commendO,
1558 844 1600 901 ut
1612 854 1825 926 magnopere
1839 858 1950 920 orem,
1973 840 2235 933 ulperlltltem

296 910 354 964 deri
385 924 461 980 rogr.
475 907 510 963 11.
522 926 537 963 e
558 912 617 965 ‚10.
629 930 656 983 p.
664 909 706 966 14.
724 910 846 967 Eandem
855 908 1007 983 epistolam,
1021 912 1117 967 iisdem
1125 932 1188 967 rer-

294 979 352 1046 bis,
375 977 430 1032 nisi
440 977 514 1048 quod
561 989 625 1033 suut
639 998 687 1045 ea,
734 999 783 1033 uae
796 982 830 1034 de
845 979 937 1037 Sabini
957 983 1069 1053 negotio
1088 981 1117 1035 in
1133 982 1188 1037 line

294 1046 429 1102 habemur
470 1066 552 1102 manu
572 1046 643 1102 Phili
683 1000 731 1101 id

292 1116 412 1183 veteru.)
430 1083 511 1173 lass.
528 1117 557 1170 n
569 1118 632 1173 eoa.
673 1116 763 1190 aean.
776 1116 888 1173 venen.
908 1115 972 1172 vn.
988 1119 1036 1173 ιιι.

197 1288 293 1365 Viro
320 1288 530 1363 clarissimo
557 1303 589 1363 et
624 1292 771 1388 egregia
799 1292 929 1366 virtute
957 1304 989 1366 ct
1018 1290 1186 1368 doctriua

188 1390 359 1492 praedito
375 1389 428 1467 D.
449 1389 665 1467 Iohanni
684 1392 969 1484 Wcr'nloub,
993 1390 1188 1471 Consiliu-

228 1494 284 1568 rio
309 1492 574 1569 Illuslrissimr‘
591 1493 777 1617 Electors's
796 1494 1060 1587 Morchions's,
1082 1524 1152 1572 suo

635 1623 764 1676 arnaco.

142 1818 145 1823 .
175 1740 234 1831 'S-
260 1758 307 1835 D.
357 1754 437 1829 Etsi
454 1769 599 1851 propter
613 1755 831 1828 luxationem
846 1757 987 1828 dextrae
1011 1782 1086 1829 non
1108 1760 1185 1829 sine

189 1864 346 1935 cruciatu
360 1862 534 1931 calamum
548 1859 727 1949 guberno,
751 1870 881 1943 tamen,
906 1884 987 1930 cum
1003 1863 1097 1953 apud
1109 1857 1186 1943 Sa,-

188 1961 317 2036 ds'num
342 1963 432 2033 lorte
455 1960 650 2045 audissem,
687 1959 858 2052 postridie
881 1984 986 2031 mane
1011 1962 1146 2035 iturum
1155 1958 1184 2061 ¹)

190 2092 264 2141 esse
285 2063 508 2141 tabellarium
526 2066 569 2132 ad
588 2062 685 2147 Vos,
718 2061 835 2133 subito
857 2057 951 2133 banc
975 2066 1020 2134 ad
1035 2065 1089 2135 Te
1109 2066 1186 2159 epi·

188 2172 316 2262 stolam
340 2166 475 2260 scripsi.
527 2161 630 2235 Nihil
644 2165 837 2258 imperator
850 2152 1014 2235 Carolus
1038 2166 1077 2235 in
1098 2193 1186 2238 con-

186 2286 298 2343 ventu
314 2269 413 2362 prius
425 2268 601 2358 agendum
617 2266 773 2358 putavit,
799 2291 904 2360 quam
921 2269 964 2338 de
979 2282 1185 2341 coutrover-

188 2376 250 2444 siis
265 2370 518 2444 ecclesiasticis.
543 2366 667 2439 Cetera
682 2368 822 2458 negotia
840 2369 1066 2444 differuntur.
1090 2370 1185 2443 Fue·

188 2489 275 2547 runt
291 2488 410 2544 autem
426 2472 554 2541 delecti
572 2493 648 2553 sex,
672 2472 736 2563 qui
757 2473 801 2540 de
826 2472 1049 2561 dogmatibus
1072 2475 1185 2545 collo-

188 2591 400 2674 querentur,
430 2568 576 2659 Iulinr,
600 2568 756 2654 Euius,
782 2565 968 2668 Groperus
990 2571 1186 2647 Colonien-

189 2682 255 2761 sis,
281 2672 466 2755 Bracaros,
492 2667 677 2745 Pistorius
694 2668 925 2772 Hessiacus‘)
944 2689 978 2746 et
994 2700 1069 2767 ego.
1111 2676 1188 2753 lm..

187 2794 329 2876 perator
345 2779 447 2850 iussit
460 2778 564 2848 nobis
579 2771 737 2847 exhiberi
754 2777 905 2864 librum,
929 2779 991 2872 qui
1004 2764 1186 2881 videretph

187 2886 237 2955 ita
259 2882 429 2974 scriptus,
460 2894 501 2951 ut
527 2879 771 2950 moderatione
795 2882 948 2973 quadam
979 2888 1185 2953 controver-

188 2988 257 3056 sias
272 2984 422 3057 tolleret.
480 2978 528 3053 Et
549 2982 661 3051 fateor
681 2981 855 3075 quaedam
877 2982 983 3052 luisse
1004 2978 1187 3056 moderate

187 3103 222 3160 et
239 3086 424 3158 commode
437 3084 477 3153 in
491 3109 533 3154 co
546 3084 686 3175 scripta.
736 3080 792 3153 De
805 3084 1050 3155 iustificatione
1059 3082 1090 3183 ²)
1104 3111 1184 3157 sen-

188 3189 337 3263 tentiam
351 3188 496 3280 probat,
522 3210 630 3280 quam
642 3209 708 3256 nos
725 3184 764 3254 in
784 3185 938 3256 ecclesiis
963 3189 1096 3258 nostris
1118 3190 1185 3260 do-

188 3314 318 3363 cemus.
370 3287 440 3361 Sed
466 3302 587 3382 postea
612 3290 655 3358 de
677 3288 865 3359 autoritate
878 3292 1114 3383 synodomm,
1139 3294 1185 3362 de

188 3391 454 3465 enumeratione
478 3392 688 3461 delictorum
717 3390 877 3461 facienda
901 3391 940 3461 in
962 3392 1185 3464 confessione

188 3494 380 3590 quotannis
411 3494 507 3585 apud
530 3493 762 3577 sacerdotem,
801 3494 845 3563 de
878 3494 1185 3584 satisfactionibus,

188 3600 234 3668 de
248 3596 385 3689 privata
402 3595 525 3680 missa,
552 3607 669 3679 erant,
694 3617 784 3686 quae
800 3617 866 3664 nos
890 3597 1086 3688 approbare
1109 3624 1184 3669 non

188 3698 388 3792 potuimus:
415 3696 570 3765 diximus
585 3696 693 3786 igitur
712 3708 849 3765 nostras
865 3698 1066 3771 sententias.
1109 3698 1184 3771 lam

188 3811 410 3893 expectamus
423 3797 645 3889 imperatoris
660 3796 951 3867 deliberationem
962 3799 1106 3870 delibro
1120 3802 1184 3873 illo

189 3901 416 3974 etdenostris
426 3900 619 3970 sententiis.
657 3895 773 3968 Credo
789 3898 1012 3995 imperatoris
1025 3902 1185 3975 animum

189 4018 317 4076 natura
331 4025 351 4073 a
363 4002 505 4074 saevitia
515 3996 707 4073 abhorrere
717 4014 751 4071 et
761 4004 1087 4094 optarenonsolum
1097 4031 1185 4078 con·

189 4107 359 4188 cordiam,
368 4106 428 4175 sed
440 4105 544 4178 etiam
558 4103 722 4174 ecclesiae
731 4128 954 4176 communem
962 4107 1186 4180 reformatio-

189 4234 284 4280 nem.
304 4206 375 4280 Sed
384 4231 439 4278 res
448 4220 567 4278 tantae
576 4230 649 4275 non
660 4218 806 4297 possunt
815 4206 932 4278 subito
942 4209 1075 4300 perlici,
1083 4236 1186 4303 prae-

189 4312 312 4382 sertim
325 4334 403 4380 eum
413 4309 584 4403 pontificii
594 4309 731 4379 viribus
740 4322 775 4377 et
783 4322 856 4379 arte
865 4309 1047 4381 obsistant.
1068 4310 1185 4384 Deum

191 4436 350 4497 oremus,
374 4426 415 4483 ut
437 4425 472 4484 et
485 4410 707 4504 imperatoris
723 4411 882 4481 animum
897 4414 1068 4501 gubernet
1081 4429 1117 4486 et
1129 4441 1186 4487 ec-

191 4515 331 4585 clesiam
356 4536 455 4585 suam
476 4526 590 4584 servet
614 4536 654 4582 ac
674 4526 808 4602 augeat.
860 4511 979 4584 Habes
1000 4511 1186 4589 historiam

191 4616 373 4701 omnium,
405 4640 494 4710 quae
516 4611 686 4685 hactenus
717 4614 754 4682 in
786 4629 963 4687 conventu
993 4632 1068 4688 acta
1092 4634 1187 4693 sunt.

74 4734 78 4741 '
190 4717 361 4804 Librum,
400 4720 444 4788 de
467 4742 538 4812 quo
561 4714 696 4799 scribo,
734 4716 864 4786 vidisse
885 4716 939 4788 Te
965 4721 1120 4794 arbitror
1146 4724 1186 4794 in

199 4940 425 4954 Μ

229 5088 256 5143 l)
273 5086 376 5137 iterum
389 5078 472 5134 edidit
486 5076 626 5150 Wegscb.

227 5186 257 5253 *)
276 5183 379 5237 Iouna.
399 5182 554 5302 gnorlgm’
578 5180 1188 5310 Supqdrgltend‘qpsq'liddenshia,Gnqtqs1508„

260 5253 398 5378 qucqlrctm?
409 5267 599 5383 quvthqp
607 5268 665 5373 ¹c19
701 5268 935 5388 (zefahenne
955 5274 970 5308 e
1016 5275 1056 5310 ee
1076 5267 1189 5330 rtenge·

227 5423 254 5487 2)
273 5422 336 5475 blst.
350 5419 436 5476 ltebd.
448 5419 651 5488 sotakseatsbne.
665 5418 669 5426 '

1240 950 1351 1003 cures.
1395 928 1478 1002 Scio
1494 928 1548 1001 Te
1562 956 1602 1003 ea
1618 934 1748 1007 virtute
1762 937 1961 1029 praeditum
1974 962 2072 1027 esse,
2095 938 2235 1036 uthaec

729 1049 873 1120 ascriptam
892 1049 921 1102 in
942 1067 1022 1106 usum
1041 1050 1123 1108 amici
1144 1056 1188 1119 (ut
1239 1030 1354 1101 officia
1370 1025 1589 1105 llumttnltttle
1605 1036 1782 1126 mellaris,
1806 1038 1889 1110 ideo
1908 1063 1986 1113 11011
2006 1042 2137 1115 (iubilo
2152 1042 2234 1117 Tibi

1239 1133 1323 1203 talia
1348 1133 1489 1224 negotia
1510 1139 1768 1215 commendare.
1834 1136 1914 1211 Etsi
1938 1156 2059 1215 autem
2074 1146 2234 1219 lonunae

1239 1233 1410 1306 tenuitate
1429 1235 1662 1329 impedimur,
1686 1264 1759 1335 qno
1776 1241 1895 1315 minua
1912 1241 1999 1315 Tibi
2013 1246 2151 1341 optime
2164 1272 2234 1319 me-

1238 1336 1332 1407 renti
1347 1338 1495 1407 reddere
1515 1340 1665 1429 gratiam
1685 1342 1881 1435 possimus,
1910 1358 2032 1419 umen
2054 1348 2234 1442 polliceor,

1238 1438 1348 1508 animi
1388 1439 1641 1529 gratitudinem
1673 1466 1859 1539 nunquam
1893 1446 2002 1519 nobis
2034 1450 2232 1525 delutmam

1238 1561 1323 1615 esse.
1356 1538 1470 1611 Valde
1487 1566 1570 1629 oro,
1593 1556 1637 1614 ut
1652 1537 1745 1616 banc
1758 1548 1972 1640 temperiei
1985 1574 2103 1629 cures.
2140 1550 2230 1625 liene

1238 1641 1327 1715 vale.
1358 1639 1427 1713 Die
1441 1644 1504 1718 29.
1522 1642 1614 1715 Maii
1628 1642 1849 1719 Ratisbouae
1866 1646 1977 1723 1641.

1647 1772 1653 1785 “
1751 1774 1943 1878 Philippus
1956 1780 2186 1863 Melanthea.

1247 2225 1315 2301 No.
1328 2227 1443 2310 2264.

1240 2329 1470 2365 m

2038 2261 2100 2325 81.
2124 2252 2203 2321 11111.

2014 2342 2220 2387 νυ»

1263 2450 1462 2539 Articuli
1475 2452 1818 2539 Procenanttum
1836 2452 2020 2544 caesore
2032 2456 2201 2545 naditt

1303 2648 1412 2705 Prodiit
1433 2648 1488 2704 boc
1506 2646 1640 2721 scriptum
1658 2650 1741 2707 latine
1757 2651 1786 2707 iu
1799 2653 1932 2711 Melautb.
1951 2655 2028 2715 Actia
2044 2654 2078 2713 iss
2090 2654 2226 2715 Cum

1335 2719 1438 2774 itatisb.
1458 2719 1512 2773 lit.
1524 2719 1566 2777 M.
1582 2720 1610 2774 1.
1627 2732 1653 2775 et
1668 2720 1757 2775 eiusd.
1770 2741 1836 2795 opp.
1855 2723 1890 2781 T.
1904 2724 1951 2781 tv,
1969 2744 1998 2799 p.
2009 2722 2074 2783 117.
2116 2724 2184 2781 ltens
2198 2724 2226 2779 is

1336 2788 1436 2843 Buceri
1456 2787 1532 2843 Actis
1550 2786 1708 2843 Conventus
1725 2788 1829 2849 Ratisb.
1847 2791 1925 2864 (lat.)
1940 2813 1967 2867 p.
1980 2792 2026 2848 29.
2042 2820 2083 2834 -
2114 2792 2225 2849 Germa·

1338 2857 1400 2912 nice
1419 2856 1449 2911 iu
1462 2855 1562 2912 Buceri
1576 2857 1652 2913 Actis
1665 2857 1770 2913 Ratiab.
1792 2878 1911 2932 german.
1929 2882 1957 2935 p.
1968 2862 2014 2918 72
2032 2870 2061 2917 et
2079 2880 2113 2917 es
2130 2860 2227 2917 illisis

1338 2924 1493 2980 llortlederi
1506 2925 1577 2980 libro
1590 2944 1654 2980 rous
1667 2927 1814 2983 deutschen
1830 2931 1931 3015 Kriege
1951 2930 1984 2985 Τ.
2003 2931 2027 2987 1.
2045 2931 2097 2989 lib.
2108 2930 2133 2989 1.
2149 2950 2175 2987 c·
2186 2930 2228 2987 17.

1339 2992 1748 3120 mazamet.
2122 2998 2229 3125 ee·

1339 3131 1420 3185 thoua
1434 3130 1607 3187 christlicben
1645 3131 1767 3188 edenten
1784 3154 1814 3208 p.
1830 3136 1888 3191 169.
1906 3140 1984 3192 cuius
1996 3154 2068 3193 vero
2080 3138 2169 3193 verso
2186 3156 2231 3195 Ι·

1340 3200 1434 3283 quitur
1452 3211 1554 3253 textum
1575 3199 1705 3268 latinum,
1736 3212 1767 3255 ut
1788 3203 1877 3259 editus
1896 3215 1937 3261 eat
1953 3225 1970 3261 a
1989 3203 2180 3267 Melanthum.
2195 3238 2228 3251 -·

1275 3272 1278 3277 '
1335 3269 1475 3341 tscriptum
1488 3269 1541 3323 hoc
1555 3266 1762 3325 Melantbonem
1775 3270 1855 3328 babet
1866 3285 2027 3347 auctorem,
2044 3273 2093 3345 qui
2105 3274 2177 3331 illud
2187 3274 2229 3331 la·

1337 3339 1393 3393 tine
1406 3349 1433 3392 et
1447 3339 1600 3410 germanice
1612 3338 1784 3412 conscripsit.
1814 3341 1909 3412 Quum
1923 3354 2015 3399 autem
2027 3342 2155 3415 singulae
2166 3362 2228 3419 pu*-

1340 3417 1379 3528 ῗεο
1391 3408 1515 3530 prdimurn¹
1524 3406 1615 3530 llll?
1629 3406 1830 3532 hludobirllll
1838 3412 1908 3485 aiot,
1930 3411 2227 3555 'walliamque-”i

1352 3496 1397 3529 um
1430 3495 1475 3531 are
1517 3496 1531 3529 a
1569 3495 1577 3527 ι
1616 3509 1654 3519 -
1778 3498 2001 3539 casumveroes
2098 3500 2156 3539 sen

1336 3564 1367 3599 es
1385 3494 1509 3616 pluribdi
1528 3544 1719 3613 brevioribus,
1743 3496 1844 3618 qbaea
1862 3548 2039 3605 Melanthone
2058 3550 2089 3605 in
2109 3550 2227 3623 dispan-

1339 3615 1414 3668 tioue
1427 3631 1489 3668 cum
1503 3612 1641 3668 catholicis
1654 3614 1687 3667 de
1701 3615 1772 3668 libro
1780 3614 1900 3673 Caesaris
1910 3628 2014 3673 exarata
2027 3620 2150 3689 foenus,
2165 3638 2228 3695 qua·

1340 3680 1533 3807 {illidii
1535 3683 1768 3807 111311ἷῖ11·
1779 3684 1830 3806 il'
1851 3686 2228 3815 ”lttll‘l‘dtfflltd

1340 3822 1369 3875 in
1384 3820 1457 3875 Actia
1469 3820 1550 3874 huius
1563 3832 1715 3875 conventus
1728 3823 1935 3895 manuscriptis,
1958 3833 1988 3879 ut
2002 3792 2117 3881 deebi:
2126 3826 2156 3881 in
2173 3826 2228 3883 sis·

1377 3889 1409 3942 lis
1428 3890 1496 3942 locis
1518 3908 1540 3942 s.
1561 3889 1692 3945 articulis.
1744 3890 1916 3973 Disputatsun
1932 3892 2006 3947 enim
2028 3902 2070 3947 eat
2087 3894 2154 3949 iude
2170 3915 2186 3951 a
2201 3894 2228 3951 d.

1336 3908 1447 4013 limati
1465 3956 1522 4011 lere
1541 3976 1626 4028 usque
1646 3958 1679 4012 ad
1692 3958 1737 4013 26.
1751 3959 1818 4013 Masi
1838 3980 1901 4015 cum
1921 3960 2065 4017 catholicis
2084 3964 2120 4017 de
2133 3962 2226 4019 libros

1338 4027 1453 4084 Caesare
1470 4027 1628 4099 proposito,
1652 4037 1678 4079 ct
1690 4028 1764 4081 smila
1783 4027 1967 4102 disputatione
1979 4030 2015 4083 de
2026 4029 2146 4105 singulis
2157 4030 2227 4099 loeis,

1338 4095 1491 4165 Evangelici
1510 4114 1585 4148 suant
1602 4095 1673 4149 libro
1685 4096 1849 4151 addiderunt
1861 4099 2085 4154 declarationem.
2122 4100 2162 4155 ln
2172 4102 2228 4173 epi·

1338 4166 1415 4218 stolis
1430 4174 1456 4219 et
1470 4164 1530 4219 aliis
1543 4165 1650 4237 scriptis
1667 4162 1842 4238 intelligitur,
1863 4168 1994 4239 scriptum
2010 4170 2046 4224 Α.
2056 4170 2096 4222 ae
2106 4168 2226 4225 meaa

1335 4233 1438 4287 factum
1456 4251 1514 4287 esse
1534 4232 1592 4287 fere
1610 4235 1637 4286 d.
1648 4233 1673 4286 6.
1685 4233 1768 4297 blaii3
1796 4234 1930 4307 scriptum
1949 4234 1981 4290 Β.
1993 4240 2033 4290 de
2052 4250 2226 4293 mmm

1341 4306 1468 4367 corporata
1479 4310 1507 4354 et
1518 4304 1666 4368 sanguinis
1678 4303 1797 4371 domini,
1815 4304 1849 4357 de
1882 4322 1919 4357 un
1933 4304 2103 4376 disputatum
2118 4306 2226 4361 cstiade

1340 4390 1355 4425 a
1369 4370 1395 4424 d.
1413 4374 1437 4426 5.
1451 4371 1535 4438 Maii,
1554 4371 1683 4425 traditum
1696 4390 1755 4425 ease
1767 4373 1795 4427 d.
1811 4376 1852 4429 10.
1899 4375 1951 4437 aii;
1976 4372 2011 4428 C.
2023 4376 2225 4445 deseruist-

1341 4443 1371 4493 a'n
1383 4443 1503 4494 mercule
1513 4445 1548 4493 de
1559 4441 1750 4506 poenslentiu,
1775 4452 1802 4496 et
1820 4444 1857 4496 D.
1875 4446 1912 4495 dc
1929 4448 2149 4499 enumeratione
2161 4446 2225 4499 sets·-

1338 4517 1448 4563 ctorum
1462 4520 1515 4565 etc.
1533 4510 1598 4563 itern
1613 4513 1649 4561 dc
1661 4509 1916 4581 satisfactionibus,
1941 4512 1969 4567 d.
1986 4514 2029 4567 18.
2044 4510 2132 4579 Mail3
2152 4512 2182 4569 E.
2193 4518 2225 4567 ds

1343 4580 1452 4631 unitate
1465 4578 1605 4632 &deame
1622 4587 1674 4633 etc.
1711 4576 1746 4633 F.
1760 4584 1795 4633 de
1806 4580 1935 4649 Serretes,
1964 4578 2002 4635 G.
2021 4586 2059 4634 da
2077 4583 2184 4647 masa.
2202 4588 2225 4637 et

1341 4647 1375 4699 11.
1392 4652 1427 4699 dc
1438 4650 1553 4712 priuata
1567 4647 1658 4699 missu
1671 4659 1724 4701 etc.
1737 4650 1833 4702 tradita
1846 4667 1903 4703 ease
1918 4651 1947 4703 d.
1959 4640 2005 4704 25.
2017 4650 2106 4719 Maii,
2122 4662 2148 4707 et
2156 4652 2182 4707 J.
2192 4656 2224 4705 ds

1340 4717 1476 4769 coelibatu
1487 4717 1514 4769 d.
1527 4716 1571 4770 26.
1585 4715 1660 4770 Maii.
1676 4747 1714 4759 -
1748 4716 1873 4790 lienique
1891 4729 1980 4773 autem
1999 4718 2051 4774 hae
2069 4720 2225 4777 declaratis-

1343 4804 1390 4838 nes
1408 4784 1523 4841 iunctim
1543 4783 1624 4838 latine
1643 4794 1669 4838 et
1685 4788 1839 4856 germanice
1859 4786 1971 4841 traditae
1990 4798 2055 4843 aunt
2075 4787 2223 4861 imperatori

1336 4854 1419 4912 (1.81.
1433 4854 1510 4908 Maii.
1540 4851 1584 4907 Cf.
1598 4872 1760 5045 rssonsqm
1774 4854 1948 4927 lnsperatoria
1959 4857 1987 4915 d.
2001 4858 2027 4910 8.
2042 4857 2104 4913 luu.
2117 4868 2144 4915 et
2154 4858 2224 4933 epist.

1342 4923 1375 4976 ad
1395 4922 1550 4977 Medlerum
1571 4922 1598 4976 d.
1650 4959 1664 5004 Ι.
1682 4922 1760 4990 lun..
1790 4924 1855 4980 item
1876 4926 1955 5007 epist.
1976 4926 2131 4983 Bernhardi
2149 4928 2222 4983 Md.

1338 4992 1416 5046 Maii.
1445 4992 1576 5047 Dedimus
1591 5002 1617 5046 et
1650 5010 1675 5047 rc
1686 5012 1718 5049 ea
1729 4995 1829 5067 scripta
1842 5006 2011 5063 consancta,
2030 5008 2061 5051 at
2076 4998 2224 5069 prodierant

1340 5061 1369 5113 in
1381 5061 1455 5116 libris
1469 5061 1553 5115 modo
1565 5061 1722 5117 nominatis.

1276 5428 1304 5499 8)
1321 5426 1372 5484 llic
1388 5428 1487 5484 desinit
1500 5429 1563 5483 cod.
1577 5427 1664 5483 liebd.
