4522 5752
2010 142 2104 283 ‚stt

622 182 1065 270 nrtsronaaun
1115 189 1358 304 atavus.
1410 189 1545 272 esau

63 196 137 275 tte

58 383 97 443 ut
116 360 278 466 ‘Iosephi
287 360 327 462 ¹⁸)
354 365 496 456 egestati
526 366 781 439 consuleretur.
844 359 981 436 Poterit
1002 373 1057 433 ta-
1141 359 1145 365 ’
1205 361 1407 461 Hispanus
1429 379 1549 438 noster
1571 366 1674 437 valde
1696 366 1953 452 sollicitus-est,
1979 389 2025 437 ne
2038 366 2102 459 qni

57 496 142 545 men
173 483 296 563 postca
330 469 423 541 libro
457 462 501 537 de
534 462 769 538 ordinatione
800 464 939 539 utiliter
962 464 1057 549 addi,
1089 465 1262 558 ¹episcopi
1278 480 1340 539 aut
1355 468 1475 557 magni
1490 468 1629 539 domini
1647 494 1728 539 eum
1752 472 1847 562 apud
1868 481 1903 540 tc
1926 481 2101 543 accusent.

56 597 163 668 mem
186 564 371 669 Iosephus
396 570 467 642 dici
489 594 565 659 non
588 583 704 662 potest
725 581 859 664 quanta
882 565 1057 638 sollicitu-
1107 566 1230 662 ltaque
1245 569 1349 660 petit,
1383 582 1483 641 utne
1497 571 1584 663 quid
1600 571 1672 640 illis
1689 573 1828 656 credas,
1863 584 1897 641 ct
1919 570 2102 657 rescribas,

56 677 143 747 dinc
157 688 324 767 expectet.
376 671 525 762 Quoties
540 673 657 752 audit,
688 666 760 743 huc
775 694 795 740 a
812 669 915 740 vobis
937 669 1055 761 perla-
1105 696 1152 743 an
1173 672 1277 741 ctiam
1303 683 1380 740 tuto
1400 666 1506 742 isthic
1530 659 1604 742 esse
1625 674 1671 743 ab
1689 674 1900 765 imperatore
1915 673 2046 765 possit,
2070 671 2124 745 sis

56 793 112 852 tas
126 801 202 849 csse
216 777 355 866 literas,
387 777 433 846 ad
456 800 512 845 me
535 774 686 846 accurrit
708 771 946 852 sciscitatum,
968 793 1056 843 num
1106 768 1222 844 isthuc
1239 785 1306 845 cat.
1355 770 1458 843 Hanc
1481 799 1599 844 cruam
1617 772 1769 866 Hispani
1792 776 1854 845 etsi
1870 775 2022 860 ridebis,
2047 787 2102 845 ta·

55 881 146 975 qnid
161 880 247 968 libri
260 878 465 971 acceperim.
517 870 641 948 Mittas
655 877 765 967 igitur
779 874 843 945 ubi
861 872 1056 943 absolveris

56 983 342 1077 quamprimum,
376 1005 459 1050 nam
482 980 630 1049 omnino
654 980 723 1049 iam
749 991 860 1050 cessat
880 974 955 1046 eius
977 974 1056 1044 offi-

58 1109 152 1155 cina.

161 1184 217 1258 De
241 1182 424 1277 proposito
445 1177 687 1255 Hellensium
712 1181 817 1252 credo
841 1178 886 1248 ab
910 1179 990 1249 aliis
1011 1178 1055 1249 ad

58 1304 94 1360 te
109 1311 183 1358 esse
196 1287 442 1379 perscriptum.
490 1283 581 1353 Heri
595 1284 716 1374 paucis
730 1282 920 1352 scientibus
932 1279 978 1355 D.
990 1275 1019 1349 I
1017 1303 1056 1348 o-

59 1414 230 1462 croscum
248 1387 301 1462 M.
319 1381 469 1456 Andrea
488 1387 639 1455 diacono
663 1385 834 1477 principis
854 1382 952 1453 iussu
972 1407 1058 1475 pro-

58 1496 172 1565 iectus
187 1488 380 1574 cstHalas,
412 1489 466 1558 ibi
492 1487 765 1559 concionaturus
781 1482 885 1555 hosce
908 1485 983 1554 dies
1004 1484 1057 1553 fe-

58 1609 131 1667 stos
157 1618 234 1674 non
259 1592 336 1662 siue
359 1591 460 1660 nullo
482 1589 653 1681 periculo.
702 1588 793 1659 Nam
807 1578 987 1658 Marchio
1002 1587 1057 1657 lo-

59 1721 140 1768 cum
163 1695 319 1787 episcopi
344 1707 467 1764 tenens
491 1692 584 1761 clare
607 1693 784 1782 professus
800 1703 870 1773 cst,
896 1688 926 1756 si
941 1711 1057 1758 accer-

59 1810 138 1869 sant
153 1799 250 1867 cives
264 1798 551 1866 concionatorem
567 1793 730 1876 aliunde,
763 1815 799 1861 se
813 1792 850 1860 id
868 1814 944 1860 non
964 1790 1058 1859 latu·

59 1924 140 1970 rum
157 1923 273 1992 aequo
288 1897 420 1970 animo.
463 1894 536 1964 Nos
552 1908 672 1966 tamen
687 1917 807 1986 preces
824 1906 961 1962 nostras
977 1915 1058 1961 cru-

59 2001 243 2072 delissimo
261 1999 408 2071 draconi
425 2010 459 2067 et
472 1996 645 2066 ministris
662 1997 737 2066 cius
757 2015 994 2086 opponemus,
1024 2007 1059 2062 et

58 2104 266 2193 rogabimus
288 2103 457 2170 victorem
480 2093 681 2183 Christum,
714 2112 756 2169 ut
780 2121 884 2166 suum
908 2097 1057 2165 verbum

58 2218 248 2302 propaget,
281 2205 385 2275 ctiam
408 2200 662 2286 frementibus,
694 2199 965 2278 insidiantibus,
1000 2197 1058 2265 fu-

58 2308 225 2379 rentibus
241 2305 424 2396 episcopis.

164 2406 317 2478 Familia
342 2421 400 2477 tua
418 2419 490 2476 tota
506 2418 600 2474 recte
619 2403 731 2486 valet,
764 2404 861 2495 qnod
882 2427 922 2471 ex
944 2401 1059 2472 tabel-

59 2510 152 2582 lario
167 2510 307 2594 audies,
335 2503 521 2602 quemhos
542 2508 635 2590 dies,
669 2505 799 2597 quibus
821 2499 879 2573 hic
901 2517 1059 2573 retentus

61 2627 134 2697 cst,
157 2635 238 2681 mco
253 2625 397 2702 sumptu
412 2611 456 2678 ad
473 2632 630 2676 mensam
647 2620 802 2676 nostram
818 2605 987 2689 invitavi,
1013 2628 1059 2672 ne

61 2715 107 2785 dc
130 2714 331 2805 sumptibus
354 2714 393 2781 in
412 2710 557 2805 publico
572 2708 767 2778 diversorio
781 2706 956 2776 faciendis
973 2731 1059 2776 con·

61 2815 166 2911 queri
185 2828 313 2906 posset.
930 2896 933 2900 A

164 2916 270 2988 Nunc
294 2916 446 2985 aliorum
471 2936 591 2983 causas
615 2935 716 3001 agere
740 2910 848 2979 officii
877 2931 934 2978 me
966 2909 1056 2978 ratio

61 3020 176 3110 cogit,
208 3020 303 3090 inter
324 3039 412 3112 qnos
436 3017 569 3105 primos
592 3016 658 3085 tibi
688 3013 897 3083 commendo
928 3011 1057 3079 iterum

61 3136 170 3215 atque
197 3122 325 3191 iterum
348 3118 535 3206 diligenter
557 3115 753 3186 Dominum
776 3107 1057 3183 Machubaeum

62 3221 232 3308 Scotum,
270 3236 305 3293 ct
333 3221 483 3290 alterum
507 3218 664 3308 Anglnm
690 3230 906 3308 compatrem
930 3239 1059 3298 meum,

63 3350 218 3421 quorum
241 3325 284 3393 de
306 3348 345 3392 re
366 3336 408 3391 ut
427 3322 558 3411 cogites
580 3345 642 3412 per
667 3321 886 3388 occasionem
903 3317 1058 3387 studiose

62 3451 164 3519 rogo.
215 3423 353 3514 Anglus
371 3419 429 3491 hic
445 3417 534 3491 diiii
546 3417 654 3506 mihi,
678 3445 713 3489 sc
730 3445 748 3489 a
767 3421 922 3514 quodam
939 3412 1057 3506 Anglo

62 3531 229 3601 exulante
250 3524 498 3616 Antwcrpiac,
539 3525 635 3592 bono
655 3524 752 3606 viro,
783 3521 955 3610 accepisse
978 3520 1060 3588 lite-

63 3657 140 3717 ras,
161 3631 297 3725 quibus
317 3627 597 3716 significabatur,
624 3622 852 3693 luliacensem
867 3620 1057 3692 Dominam

62 3733 223 3806 revocari
248 3732 287 3799 in
310 3731 428 3799 aulam
450 3741 483 3797 et
505 3729 561 3816 agi
578 3728 648 3794 iam
665 3727 710 3794 de
726 3723 935 3794 dimittenda
950 3722 1059 3792 altera

63 3835 328 3928 superinducta.
361 3829 468 3919 Quod
485 3830 515 3897 si
534 3830 582 3898 ita
597 3842 666 3907 cst,
690 3852 763 3895 non
782 3825 913 3894 redibit
928 3825 965 3891 in
981 3822 1059 3893 An-

62 3937 172 4030 gliam
189 3930 234 4010 V
231 3929 466 4017 intorsimus,
493 3945 527 3999 ct
541 3931 690 4013 mirum,
723 3929 753 3996 si
777 3942 869 3997 terra
894 3927 964 3996 alia
986 3939 1058 3994 tam

64 4063 236 4129 magnum
256 4049 455 4106 monstrum
477 4034 569 4102 serre
591 4045 730 4123 praeter
743 4029 896 4101 Romam
920 4026 1059 4119 poterit,

63 4166 155 4238 quae
170 4139 275 4211 fatale
291 4139 427 4232 asylum
444 4149 510 4206 ¹est
523 4134 684 4204 omnium
705 4131 1059 4221 flagitiosissimorum

63 4239 264 4314 hominum.
363 4230 378 4255 ⁶
952 4299 958 4307 ,

163 4343 307 4414 Nobilis
324 4341 468 4434 qnidam
491 4336 694 4407 adolescens
711 4360 734 4404 u
752 4327 848 4405 Gich
873 4348 906 4405 te
930 4356 993 4423 per
1013 4332 1060 4400 li-

63 4462 156 4518 teras
170 4446 340 4514 admonet
355 4446 398 4510 de
413 4466 476 4511 suo
500 4439 662 4528 negotio,
697 4441 792 4531 qnod
819 4437 927 4527 egisse
950 4459 986 4504 sc
1008 4448 1060 4503 tc-

63 4572 146 4620 cum
159 4548 231 4616 iam
247 4547 388 4616 abituro
403 4544 506 4626 dicit,
538 4556 572 4611 ct
590 4554 709 4629 rogat,
738 4555 778 4610 ut
794 4563 858 4631 per
873 4538 987 4608 otium
1003 4558 1060 4604 re-

63 4651 256 4744 spondeas,
293 4649 381 4741 quid
414 4643 580 4716 effeceris.
646 4635 855 4710 Prothenus
884 4639 1061 4733 petiturus

61 4751 281 4844 stipendium
308 4750 426 4818 minus
449 4773 520 4839 qno
546 4744 695 4817 studiosi
718 4744 865 4812 aluntur
885 4767 905 4812 a
937 4754 1060 4810 senatu

60 4852 336 4944 Noribergensi,
376 4864 493 4941 sperat
521 4872 558 4916 se
585 4860 646 4915 tuo
669 4844 872 4915 testimonio
897 4843 1058 4912 adiutum

60 4956 177 5027 multo
201 4955 395 5024 faciliorem
417 4975 492 5020 rem
523 4944 742 5018 habiturum.
798 4946 918 5036 Quare
948 4956 1059 5033 rogat,

61 5072 104 5128 nt
119 5071 153 5127 et
168 5057 292 5148 legatis
309 5055 478 5136 civitatis,
504 5051 565 5145 qui
582 5045 685 5118 isthic
700 5063 802 5134 sunt,
827 5073 863 5117 sc
878 5069 1058 5118 commcn-

63 5161 147 5242 des,
173 5161 264 5229 etad
280 5170 441 5227 senatum
459 5179 522 5224 suo
538 5151 683 5224 nomine
702 5152 834 5222 scribas
857 5151 1057 5239 diligenter.

95 5381 128 5455 ί)
146 5379 253 5455 ΙοιερΙιὶ
265 5377 352 5450 Clng,
369 5374 540 5450 typographi.

1107 898 1191 945 men
1206 874 1255 945 ita
1271 873 1421 944 sollicite
1438 898 1459 945 a
1474 899 1529 944 me
1553 876 1741 965 flagitavit,
1774 891 1815 947 ut
1836 877 1904 948 tibi
1927 875 2103 967 significa·

1107 1002 1203 1057 rem,
1229 990 1270 1047 ut
1284 976 1519 1047 arbitraturus
1535 977 1598 1060 sit,
1621 1000 1658 1046 se
1680 979 1843 1049 affectum
1867 1003 1888 1046 a
1912 1003 1970 1049 me
1991 977 2103 1047 atroci

1107 1078 1321 1251 iniuriam&
1342 1079 1495 1149 scribere
1518 1081 1791 1170 supersederem.
1852 1077 1976 1173 ltaque
1999 1080 2103 1168 iguo-
2139 1166 2141 1177 Ι

1107 1204 1181 1253 sees
1196 1205 1231 1250 m
1275 1206 1297 1254 t.
2047 1236 2064 1250 ,.

1210 1307 1340 1384 Schola
1357 1307 1475 1383 adhuc
1491 1327 1543 1384 cst
1560 1316 1753 1385 admodum
1767 1316 1970 1408 tranquilla.
2005 1312 2102 1383 Deus

1107 1438 1171 1486 vos
1193 1438 1315 1484 omnes
1338 1411 1444 1485 isthic
1462 1429 1645 1486 conservet
1654 1442 1697 1487 ac
1711 1431 1862 1491 tucatur.
1914 1417 2052 1489 Salutat
2066 1429 2101 1486 te

1107 1515 1152 1591 D.
1179 1508 1404 1599 Clitianus,
1444 1511 1494 1592 L.
1524 1511 1717 1588 Melchior
1747 1533 1781 1590 ct
1811 1517 1994 1604 Decanus,
2038 1517 2127 1611 qni'

1107 1621 1238 1689 iterum
1256 1622 1485 1710 promovebat
1499 1621 1589 1690 duos
1605 1612 1783 1690 Caesarei
1800 1622 1943 1702 fratres,
1976 1621 2101 1690 ambos

1108 1721 1195 1790 olim
1209 1721 1426 1811 depositores
1435 1715 1491 1818 ⁴),
1525 1723 1587 1816 qui
1604 1724 1777 1813 egregiam
1793 1723 1990 1793 attulerunt
2005 1745 2103 1791 com·

1107 1823 1372 1892 mandationem
1390 1821 1562 1895 a'Comitc
1576 1817 1826 1918 Octtingensi,
1853 1836 1888 1893 ct
1906 1827 1995 1894 duos
2010 1822 2114 1918 Wi'.
2189 1826 2192 1831 ’

1108 1927 1342 2014 tebergenses.
1402 1924 1455 1999 M.
1478 1920 1697 1996 Ioacltimus
1721 1927 1860 2018 scripsit
1884 1951 1925 1995 ex
1948 1925 2103 2008 Prussia,

1109 2051 1145 2096 se
1163 2040 1400 2118 expectantem
1420 2029 1680 2099 absolutionem
1697 2029 1813 2120 operis
1830 2028 1883 2097 sui
1899 2039 2105 2120 praecepto-

1109 2131 1159 2198 ris
1182 2132 1226 2198 ad
1247 2130 1424 2220 proximas
1446 2132 1626 2207 nundinas
1642 2132 1758 2201 redire
1776 2155 1850 2198 non
1866 2153 1979 2221 posse.
2032 2127 2104 2199 Sed
2156 2126 2160 2133 ’
2227 2185 2233 2191 .

1109 2233 1315 2301 adfuturum
1333 2233 1378 2301 ad
1402 2233 1633 2307 autumnales.
1685 2229 1944 2324 Compcrerunt
1967 2231 2036 2300 iam
2063 2229 2103 2308 in
2204 2296 2212 2307 ,

1109 2334 1182 2402 illis
1199 2332 1317 2418 terris,
1346 2321 1516 2401 Cometes
1540 2358 1613 2403 non
1635 2335 1731 2423 gigni
1754 2335 1794 2401 in
1813 2333 2017 2402 elementari
2040 2331 2100 2400 sed

1109 2435 1148 2503 in
1163 2431 1323 2504 aetherea
1338 2436 1482 2523 regione
1496 2459 1602 2527 supra
1620 2435 1796 2505 lunarium
1811 2430 2007 2526 sphaeram.
2109 2478 2123 2486 -

1211 2568 1333 2641 Saluta
1354 2569 1442 2638 meis
1464 2569 1582 2640 verbis
1604 2567 1650 2643 D.
1670 2561 1900 2665 Caspiarum,
1933 2568 2045 2637 lilium
2070 2579 2105 2635 et

1109 2663 1354 2741 Ioachimum.
1404 2669 1472 2741 Dic
1488 2676 1742 2768 παρασκευῆς,
1774 2666 1883 2744 1541.

2016 2873 2108 2889 e--nfl

1108 3010 1174 3079 No.
1192 3005 1304 3082 2195.

1115 3106 1287 3135 m

1939 3019 1994 3077 16.
2015 3009 2090 3088 Ape.

1924 3099 2096 3129 m

1430 3190 1506 3280 Ge.
1541 3191 1785 3306 Spoletina

1177 3373 1253 3442 †Ex
1275 3391 1368 3443 apogr.
1389 3373 1501 3432 incod.
1524 3373 1624 3427 Drcsd·
1642 3371 1749 3429 (2140.
1775 3367 1885 3442 μείω),
1913 3367 2029 3439 φθῇ,
2055 3365 2103 3419 de.
2130 3338 2133 3343 ¹
2227 3364 2229 3369 ·

1211 3440 1311 3511 scripta
1326 3461 1339 3494 a
1356 3441 1396 3496 (ΙΙ.
1411 3440 1581 3495 Gcrsdorsro.

1307 3662 1311 3668 .
1356 3593 1562 3693 Georgia
1587 3591 1858 3696 Spaln'lino.

1109 3707 1154 3798 S.
1174 3725 1221 3802 D.
1263 3727 1306 3798 ln
1322 3730 1602 3801 adituBavariae
1619 3734 1737 3801 dextra
1751 3724 1842 3798 mihi
1858 3751 1980 3798 everso
1998 3751 2105 3797 curru

1110 3834 1198 3900 adeo
1219 3833 1358 3901 duriter
1370 3833 1469 3902 allisa
1487 3847 1538 3904 est
1555 3834 1689 3924 tigillo,
1724 3846 1763 3902 ut
1778 3832 1942 3901 iunctura
1960 3831 1999 3898 in
2013 3853 2105 3924 stup-

1110 3937 1189 4028 πῷ,
1223 3947 1265 4004 ut
1286 3946 1431 4019 vocant,
1462 3936 1578 4005 luxata
1602 3936 1657 4008 sit.
1708 3933 1832 4004 Postea
1855 3927 2102 4020 chirurgorum

1110 4035 1248 4104 inscitia
1266 4037 1439 4105 cruciatus
1456 4051 1652 4107 creverunt.
1705 4033 1764 4104 ltti
1781 4036 1874 4105 enim
1891 4034 2027 4104 etiamsi
2044 4057 2104 4101 ex·

1111 4137 1304 4228 posuissem
1327 4138 1377 4206 eis
1399 4137 1524 4207 iudicii
1546 4141 1617 4207 mei
1640 4138 1873 4222 coniecturas,
1906 4150 2028 4206 tamen³
2048 4136 2105 4203 lu-

1110 4240 1289 4309 xationem
1303 4264 1378 4308 non
1394 4262 1467 4308 csse
1481 4238 1607 4310 factam
1625 4241 1897 4318 contendebant,
1921 4239 1982 4306 sed
1998 4260 2103 4330 quas·
2138 4233 2142 4240 ’

1111 4342 1295 4414 sationem.
1331 4340 1493 4411 Tandem
1513 4337 1661 4412 adhibui
1677 4336 1734 4410 hic
1753 4334 2016 4432 Burgundum‚
2042 4340 2102 4432 qni
2214 4351 2218 4360 '

1111 4443 1327 4513 curationem
1352 4445 1520 4529 mutavit,
1554 4470 1659 4537 quam
1680 4443 1816 4512 utinam
1840 4445 1927 4511 deus
1949 4443 2103 4513 adiuvet.

1110 4541 1211 4614 Nihil
1229 4571 1269 4613 cx
1284 4546 1516 4615 conventibus
1530 4547 1651 4615 aufero
1665 4558 1808 4636 propter
1819 4545 1979 4634 ingentes
1992 4544 2103 4613 animi

1110 4648 1181 4717 mei
1198 4649 1356 4732 dolores,
1387 4661 1421 4717 et
1444 4649 1621 4717 interdum
1639 4670 1762 4737 graves
1776 4647 1934 4738 corporis
1950 4648 2103 4716 morbos.

1110 4748 1179 4819 Hic
1203 4763 1342 4820 tantum
1366 4751 1409 4820 de
1432 4750 1623 4841 prooemiis
1646 4746 1815 4820 hactenns
1839 4748 1944 4818 rixati
1972 4771 2103 4819 sumus.

1143 5017 1559 5138 ’1)ἰ.,ᾳηιέιιίεέτοῖοτεηίιτίιιιιί
1579 5018 2037 5141 dppiost‘tr'om'sl(lliederlcgpng),B
2049 5038 2106 5103 quo

1177 5108 1255 5222 tlt.
1272 5096 2104 5228 1„⁰..ntesiusta..essessatt‘aat,”tants

1176 5225 1270 5296 ribus,
1294 5225 1346 5278 iam
1361 5223 1439 5277 vario
1454 5225 1537 5276 modo
1552 5225 1735 5296 vexabantur,
1759 5239 1789 5280 ut
1810 5243 1841 5278 cr
1862 5234 1962 5280 trunco
1976 5243 2062 5279 curvo
2078 5236 2104 5279 ct

1177 5294 1257 5346 nodis
1272 5293 1353 5364 pleno
1367 5294 1524 5346 Mercurius
1547 5292 1565 5346 i.
1581 5312 1604 5345 c.
1624 5312 1687 5348 vere
1703 5294 1874 5349 academicus
1894 5294 2001 5350 iuvenis
2017 5293 2102 5349 fieret.

1178 5361 1241 5418 Vid.
1254 5381 1322 5436 quae
1336 5362 1391 5416 alio
1406 5363 1468 5418 loco
1482 5360 1593 5416 uber-ius
1605 5362 1638 5416 de
1651 5361 1705 5421 boc
1716 5362 1770 5418 ritu
1784 5362 1908 5418 diximus.
