4536 5754
127 169 210 257 767
266 138 271 143 ’

712 176 1152 299 arrsrouaauu
1206 183 1317 266 um.
1348 187 1414 268 rx.
1467 190 1601 299 cccc.
1647 122 1649 127 ¹

126 370 316 443 quaerere,
345 348 478 445 quibus
499 346 619 425 nativa
642 351 788 424 dissidia
805 366 889 425 sunt
903 379 983 424 cum
999 349 1131 426 Philo-

2104 200 2181 290 ’160

1223 354 1301 418 Hoc
1313 358 1428 438 placet
1443 381 1461 422 o
1475 359 1606 443 Supera·
1620 384 1695 427 cam
1711 367 1803 430 vobis
1816 384 1945 436 uertere
1960 393 2083 446 cauma

121 444 273 542 sophis,
298 445 409 549 etsi‘)
432 477 534 546 posse
556 455 712 525 inveniri
733 456 852 526 aulam
866 457 1041 543 arbitror,
1066 444 1132 528 ubi
1225 441 1461 550 P'WE'fm’
1482 454 1607 553 &mm
1621 450 1794 556 ‘'will‘'
1808 458 1932 522 ‘'ddi'‘
1947 469 2087 549 mma

126 552 176 625 sit
191 552 329 643 ingenii
348 556 403 627 tui
422 557 553 651 aliquis
573 580 668 630 usus.
720 557 802 643 Seio
818 582 838 628 a
852 557 952 628 Duce
966 557 1145 630 Prussiae‘
1225 526 1382 599 cmm
1397 552 1579 611 ‘mm’
1600 547 1820 621 ''mmm'‘
1832 551 2000 623 'mim
2011 573 2119 620 ‘m‘

126 655 255 748 quaeri
267 658 385 740 virum
401 660 556 733 doctum.
595 656 861 731 Demercatura
878 661 965 754 quid
980 685 1129 754 respon-

127 756 259 827 deam?
289 797 293 802 ·
309 754 478 831 Arbitror
493 774 655 831 natu'r'am
672 773 771 831 tuam
788 758 980 833 abhorrere
996 765 1041 834 ab
1062 759 1127 833 hac

126 862 398 956 καπηλευτεκῇ,
432 888 523 956 quae
548 877 583 935 et
606 864 802 953 periculosa
828 878 880 933 est
901 879 937 934 et
955 866 1031 933 sine
1053 867 1128 934 soe-

127 984 219 1033 note
234 965 365 1037 tenuis.
414 963 536 1037 Necte
553 964 662 1034 velim
677 961 837 1035 abstrahi
853 990 872 1035 a
891 967 1002 1036 literis
1024 991 1127 1058 prae-

127 1063 252 1133 sertim
272 1088 385 1156 paene
405 1080 655 1141 senescentem.
706 1065 886 1138 Maturuit
911 1068 980 1136 iam
1001 1083 1126 1154 aetate,

127 1178 163 1235 et
178 1188 249 1237 usu
264 1191 403 1252 rerum,
435 1169 559 1240 iudicii
582 1168 634 1239 tui
657 1169 822 1258 gravitas.
872 1167 951 1240 Hoc
966 1173 1071 1240 decus
1086 1171 1125 1239 in

87 1270 90 1277 '
127 1266 276 1354 studiis,
304 1268 343 1340 in
358 1266 535 1341 Ecclesiae
558 1271 636 1341 luce
652 1270 808 1363 conspici
823 1272 976 1342 mallem.
1026 1268 1123 1341 Ora-

126 1367 263 1467 tionem
279 1362 389 1442 'tuam
419 1372 506 1462 legi,
543 1397 632 1464 quae
657 1385 708 1442 est
730 1373 1123 1465 quidem'ornatissime

125 1470 270 1562 scripta.
321 1472 392 1545 Sed
410 1476 521 1544 crevit
537 1472 716 1568 Tyrannis
733 1475 772 1543 in
788 1474 890 1560 aulis,
913 1490 947 1546 et
964 1470 1056 1545 hanc
1073 1477 1123 1546 ait

125 1566 337 1666 Aristoteles
366 1575 646 1645 inimicissimam
677 1598 750 1645 esse
778 1576 930 1651 veritati.
987 1574 1122 1648 Pinda-

124 1696 207 1745 rum
223 1676 291 1747 scis
308 1677 516 1749 mulctatum
539 1700 631 1762 esse,
661 1679 756 1771 quod
772 1673 932 1749 Athenas
954 1679 1121 1750 laudibus

123 1776 324 1849 maioribus
332 1793 519 1866 ornaverat
529 1804 634 1873 quam
647 1780 812 1870 patriam3
833 1782 1011 1874 quomodo
1025 1805 1120 1851 nunc

125 1872 292 1972 'l'pr'anni
306 1880 421 1951 ferent
436 1881 732 1973 vituperationem
747 1881 822 1951 eius
837 1883 1011 1970 regionis,
1031 1908 1120 1976 quae

123 1977 193 2048 tibi
215 1981 437 2069 domicilium
457 1983 625 2076 praebet?
678 1980 798 2070 Quare
817 1986 860 2053 de
875 1980 986 2053 Thesi
1002 1985 1118 2054 dicere

124 2082 239 2152 tutius
262 2098 369 2168 esset,
409 2111 448 2154 ac
472 2087 592 2177 paucis
614 2086 775 2155 versibus
796 2086 834 2154 in
858 2085 970 2176 prima
992 2087 1120 2177 pagina

124 2185 291 2267 mutatis,
342 2188 418 2256 sine
458 2187 654 2257 offensione
691 2187 762 2276 legi
796 2201 930 2256 caetera
962 2201 1120 2276 possunt.

82 2352 85 2357 .
121 2278 384 2382 Edendamque
407 2288 537 2359 iudico.
584 2288 655 2361 Sed
678 2290 864 2379 expectabo
887 2289 1007 2358 literas
1031 2304 1120 2375 tuas,

123 2399 166 2458 ut
179 2388 375 2480 intelligam
391 2391 477 2485 quid
492 2391 622 2463 mutari
639 2391 738 2477 velis,
762 2404 840 2472 aut,
866 2415 911 2459 an
928 2388 1017 2477 mihi
1032 2415 1120 2462 con-

123 2491 229 2561 cedas
258 2492 377 2587 aliqua
405 2517 447 2562 ex
475 2488 664 2588 hypothesi
692 2494 843 2566 demere.
908 2490 1006 2564 Bene
1030 2493 1121 2580 vale,

122 2592 326 2666 doctIssime
344 2606 379 2666 et
393 2592 570 2665 carissime
584 2587 759 2663 Araolde.
794 2592 862 2665 Die
879 2594 1120 2671 1s.1anuarii.

982 2866 1038 2930 1⁵.
1053 2858 1119 2925 len.

979 2952 1118 2978 Μ

120 2854 323 2985 Q.

405 3010 552 3103 Iacob,
587 3006 845 3098 camerario.

190 3152 281 3229 Epist.
295 3151 329 3208 sd
342 3150 482 3208 camerac.
498 3170 526 3224 p.
538 3151 592 3206 880
601 3170 643 3223 sq.
661 3150 715 3219 (ed.
728 3140 816 3206 Loudi
830 3149 878 3207 lib.
891 3149 939 3206 lV.
957 3169 1000 3224 ep.
1010 3150 1084 3222 2⁵4.)

121 3287 285 3373 Clarias,
307 3303 340 3366 el
366 3302 437 3392 opt.
463 3291 540 3362 viro
567 3286 813 3362 [oachimo
839 3285 1117 3367 Camerarr'o

301 3392 574 3490 Bambergeasi
590 3394 710 3464 amico
726 3418 794 3465 suo
810 3393 938 3465 caries.
988 3473 995 3480 ,

120 3495 163 3589 S·
191 3514 239 3591 D.
279 3510 335 3584 Ex
353 3515 433 3583 aula
449 3527 568 3583 nostra
584 3512 765 3596 scribitur,
791 3513 932 3582 tandem
948 3509 1117 3600 Burgun-

120 3623 186 3693 dos
210 3633 247 3690 et
271 3615 500 3686 luliacensem
525 3615 678 3683 arbitros
699 3613 823 3703 legisse
854 3635 998 3681 serarum
1029 3636 1116 3681 con·

118 3719 373 3801 troversiarum
387 3714 569 3787 Electores
581 3711 794 3800 Rhenanos‚
818 3737 857 3785 ac
873 3714 1032 3803 intelligo
1047 3709 1115 3786 τὸν

118 3814 333 3899 Μακεδόνα
353 3820 522 3891 acerrime
542 3818 775 3902 contendere,
805 3831 846 3887 ut
866 3840 941 3886 rem
964 3817 1115 3887 deducat

118 3928 165 4001 sd
183 3926 311 3997 otium.
360 3921 435 3993 Nos
450 3920 594 4014 quidem
612 3920 702 3989 bene
723 3917 859 4011 precari
879 3920 979 3988 decet
1000 3912 1114 3987 bone-

118 4024 181 4102 stis
196 4023 368 4104 consiliis,
393 4017 486 4095 ἀλλὰ
498 4017 542 4092 τὸ
556 4016 798 4117 πεπρωμένον
812 4017 897 4091 οὔτε
909 4024 1003 4116 πῦρ,
1029 4016 1113 4091 οὔτε

105 4123 294 4224 ,σιδηρέαν
312 4128 432 4218 τεῖχος
453 4117 633 4221 ἀπείργει,
664 4123 782 4216 inquit
797 4121 987 4195 Pindarus.
1035 4118 1113 4191 Hac

116 4236 263 4305 me'uua
278 4227 519 4300 consolatione
534 4237 709 4319 flstento:
741 4224 838 4317 quod
855 4224 918 4294 etsi
930 4225 1017 4292 'stant
1037 4223 1112 4291 nsi-

115 4347 212 4408 tatae
225 4344 261 4403 et
274 4332 420 4402 luerunt
435 4349 574 4418 semper
587 4325 746 4423 infinitae
768 4324 999 4417 imperiorum
1020 4324 1112 4393 ‹lila-

116 4434 334 4518 ceratioues,
362 4431 491 4525 quibus
514 4427 672 4498 universi
693 4428 831 4518 generis
846 4422 996 4498 humaui
1009 4426 1111 4496 furo-

114 4562 185 4621 res,
197 4534 416 4630 puniuntur,
448 4543 569 4602 tamen
584 4526 682 4601 Deus
704 4528 916 4600 monstrabit
931 4525 1111 4598 Ecclesiae

115 4662 203 4715 snae
217 4636 373 4730 aliquem
390 4633 536 4715 nidum,
560 4647 602 4703 ut
617 4633 692 4703 tilio
713 4654 835 4701 recens
855 4643 940 4700 nato
954 4621 1110 4726 φάτνην

113 4736 184 4819 καὶ
201 4730 403 4835 σπάργανα
426 4734 539 4808 dedit.
591 4731 683 4803 lllud
706 4757 790 4803 vero
812 4733 972 4809 dolorem
991 4756 1110 4800 meum

112 4866 193 4919 nnn
206 4863 290 4913 raro
305 4850 418 4927 auget,
443 4838 538 4930 quod
558 4836 661 4905 video
679 4835 789 4904 multa
806 4857 880 4903 esse
893 4836 973 4904 τῶν
989 4829 1111 4928 cirpea-

111 4944 199 5024 tur
221 4936 428 5017 ἐπίσπαστα
447 4930 546 5010 κακά
560 4928 632 5032 **).
690 4936 761 5009 Sed
784 4936 822 5006 id
843 4957 984 5030 quoque
1003 4934 1109 5005 fatale

111 5058 188 5127 csse
204 5056 390 5141 putemus,
414 5034 455 5112 ut
470 5039 531 5109 ille
548 5039 682 5133 inquit:

110 5177 327 5207 ,....-.-..

196 5234 255 5290 ero
270 5228 326 5284 etsi
335 5226 433 5283 Select.
446 5243 508 5298 epp.
521 5225 564 5281 sd.
579 5243 621 5295 pr.
635 5221 833 5279 et'barbaries.
860 5221 912 5276 Ac.
990 5287 998 5304 ι

143 5237 466 5433 Ἦιίοὸἆεῦῧ,
481 5293 529 5385 qui
536 5295 681 5353 Caesam
694 5290 848 5349 actionibus
855 5288 1051 5346 Geldcenscbus
1065 5287 1111 5344 oi·

1281 646 1419 749 Recudi
1437 650 1515 746 istic
1530 651 1692 726 Danielis
1707 662 1968 749 enarrationem
1982 696 2001 739 a
2018 697 2075 745 me
2090 701 2178 749 con-

1181 761 1313 838 gestam
1348 752 1467 828 audio.
1527 754 1565 827 Si
1600 756 1861 854 Typographus
1895 762 2003 843 babet
2034 797 2176 864 graecos

1181 845 1419 939 characteres,
1445 857 1571 926 vellem
1588 862 1672 929 addi
1690 877 1786 933 tuam
1801 852 1973 958 Elegiam.
2016 870 2179 952 Fuclssii

1180 954 1333 1024 nuncius
1348 960 1510 1027 nondum
1528 956 1700 1058 rediit');
1732 989 1822 1058 quae
1843 966 1894 1040 sit'
1907 996 2029 1051 morae
2043 1005 2176 1070 caussa,

1179 1078 1253 1122 non
1277 1056 1432 1127 difficilis
1452 1074 1503 1129 est
1526 1063 1739 1141 coniectura.
1792 1065 1862 1139 Sed
1880 1069 2110 1153 Homericum
2129 1066 2175 1155 il-

1178 1155 1240 1279 lud
1259 1181 1333 1226 non
1351 1160 1498 1250 cogitat:
1530 1162 1688 1259 αἶσχρὸν
1710 1161 1757 1260 δὴ
1786 1162 1904 1267 δηρόν
1917 1200 1957 1246 τε
1969 1186 2097 1270 μενεῖν
2112 1211 2173 1260 κε-

1177 1280 1263 1331 νεον
1278 1285 1318 1331 τε
1335 1257 1500 1335 νεέσθαι.
1552 1263 1651 1338 Bene
1669 1271 1757 1342 vale.
1784 1271 1843 1342 die
1857 1272 1939 1352 XV.
1955 1276 2122 1358 Ianuarii.
2230 1284 2233 1289 ’

1698 1517 1704 1527 Ι
1743 1398 1933 1499 Philippus
1946 1410 2122 1497 Melanth.

1179 1595 2164 1644 --------..--“

1174 1720 1240 1796 Νο.
1255 1722 1370 1800 2435.

1180 1819 1352 1849 Μ

2030 1769 2087 1845 16.
2105 1761 2168 1832 len.

2028 1855 2158 1885 Μ

1509 1912 1606 2004 Nic.
1630 1917 1852 2007 Medicam-
1955 1939 1961 1946 '

1241 2086 1264 2140 Ε
1279 2088 1375 2144 codice
1389 2090 1484 2147 Baesri
1506 2089 1568 2149 Vol.
1581 2093 1615 2151 ll.
1634 2115 1662 2220 ρ.
1674 2098 1735 2153 822.
1756 2101 1827 2156 edita
1846 2125 1860 2159 ε
1875 2106 2074 2171 Zscbeicbsclio
2093 2120 2122 2175 in
2140 2055 2184 2180 d..

1277 2157 1381 2213 Unscb.
1396 2159 1494 2215 Nacbr.
1508 2180 1572 2218 ann.
1586 2164 1636 2217 17³
1655 2207 1662 2222 .
1680 2169 1783 2240 p.271.,
1800 2169 1900 2227 iterum
1915 2196 1930 2231 s
1943 2179 2051 2237 Dausio
2064 2188 2096 2249 in
2107 2209 2167 2265 epp.

1275 2225 1345 2280 Mel.
1359 2228 1392 2281 ad
1406 2228 1522 2309 Medler.
1538 2251 1580 2303 ep.
1594 2235 1635 2290 12.
1670 2235 1753 2293 Nunc
1770 2258 1799 2293 ex
1819 2242 1915 2299 eodem
1935 2250 1997 2305 cod.
2017 2253 2107 2311 denuo
2119 2278 2169 2317 sc-

1275 2304 1370 2351 curate
1385 2297 1527 2370 descripta.
1717 2348 1721 2355 ,

1173 2444 1398 2524 Clarissimo
1413 2452 1491 2525 ciro
1508 2452 1562 2527 D.
1578 2455 1629 2534 N
1629 2459 1646 2543 i
1652 2459 1726 2533 col
1732 2490 1788 2535 ao
1810 2463 1925 2540 Med
1930 2468 1948 2542 Ι
1954 2452 2170 2576 er'pastort

1247 2551 1438 2627 Ecclesiae
1453 2553 1729 2659 Neoburgensis
1747 2566 1865 2643 amico
1881 2598 1948 2646 suo
1965 2581 2112 2657 carate..

1171 2663 1216 2756 s.
1235 2685 1281 2762 n.
1333 2688 1673 2778 Quiaeseacame
1697 2700 2176 2805 aerariumanmnaumu

1120 2850 1122 2854 .
1172 2812 1255 2859 sene
1272 2789 1471 2880 Monacho,
1504 2798 1568 2890 qui
1589 2813 1623 2870 et
1644 2823 1745 2871 suam
1767 2811 2019 2885 conscientiam
2041 2844 2165 2902 onerat

1172 2886 1238 2961 hac
1255 2893 1413 2983 perfidia,
1440 2911 1475 2967 et
1491 2896 1686 2971 Ecclesiam
1703 2909 1869 2979 scandalo
1884 2914 2057 2992 offendit?
2087 2927 2164 3000 Au.

1172 2993 1232 3062 dio
1264 2988 1323 3064 hic
1344 2996 1451 3066 latam
1475 3022 1550 3069 esse
1565 3007 1793 3093 sententiam,
1825 3012 1882 3081 cui
1904 3010 2026 3091 Abbas
2038 3021 2064 3120 ¹)
2090 3054 2165 3103 non

1171 3096 1402 3188 obtemperat.
1462 3098 1581 3188 Quare
1605 3106 1680 3174 eius
1710 3110 2017 3201 desponsationem
2047 3145 2164 3217 poste.

1171 3197 1301 3266 riorem
1318 3223 1394 3269 non
1413 3202 1586 3293 adprobes
1602 3207 1742 3298 publica
1759 3220 1999 3306 caeremonia,
2028 3233 2090 3299 sed
2106 3233 2163 3306 iu.

1169 3299 1253 3368 beas
1273 3323 1353 3369 eum
1369 3304 1527 3392 prolerre
1541 3320 1745 3378 nostrorum
1761 3319 1994 3396 sententiam.
2033 3326 2088 3401 De
2105 3335 2163 3407 iu.

1170 3400 1264 3470 dicio
1279 3392 1439 3471 Citiensi
1451 3428 1527 3473 non
1540 3407 1718 3500 intelligo,
1745 3437 1791 3482 an
1807 3413 2008 3496 Monachus
2020 3430 2067 3503 sit
2080 3459 2161 3509 reus
2184 3425 2185 3429 Ἰ

1169 3515 1367 3584 autactor,
1400 3528 1440 3574 ac
1463 3506 1593 3593 miror,
1622 3536 1693 3605 quo
1709 3517 1858 3589 consilio
1875 3523 1955 3594 talis
1981 3552 2099 3607 caussa
2114 3545 2159 3612 ad

1168 3603 1298 3674 iudicia
1315 3602 1490 3698 Papistica
1514 3611 1757 3688 transferatur.
1817 3618 1889 3692 Sed
1913 3651 1988 3697 non
2010 3644 2160 3724 perscri.

1167 3704 1268 3797 psisti
1278 3702 1309 3802 ²)
1324 3719 1435 3778 totam
1450 3734 1536 3784 rem.
1590 3711 1722 3786 Verum
1738 3727 1918 3813 quomodo
1927 3724 1955 3824 ³)
1970 3755 2007 3802 se
2023 3762 2078 3809 res
2095 3737 2160 3815 ba-

1165 3806 1287 3905 bet⁴),
1325 3808 1404 3900 cogi
1426 3834 1447 3880 a
1469 3812 1585 3884 iudice
1606 3813 1784 3911 Papistico
1808 3848 1882 3896 non
1903 3846 2021 3922 potes,
2050 3857 2092 3915 ut
2113 3851 2157 3917 ad

1165 3905 1321 3979 Citiense
1342 3912 1593 3985 consistorium
1618 3919 1860 4010 proficiscaris.
1911 3930 2006 4005 Satis
2027 3957 2094 4030 est,
2127 3950 2157 4018 si
2245 3962 2248 3967 '

1165 4011 1395 4082 te'obtuleris
1415 4015 1595 4086 dicturum
1624 4021 1866 4097 testimonium
1896 4055 2015 4106 coram
2038 4041 2156 4137 Magi.

1164 4124 1277 4182 stratu
1290 4127 1426 4200 vestro,
1457 4112 1617 4188 adhibito
1632 4118 1792 4199 Notario.
1843 4126 1940 4219 Quid
1958 4155 2070 4227 potest
2086 4173 2107 4219 a
2123 4163 2157 4222 te

1164 4213 1318 4305 amplius
1332 4216 1432 4307 peti?
1481 4215 1614 4310 Scripsi
1638 4222 1798 4313 brevius,
1831 4233 1914 4324 quia
1937 4237 2094 4319 fortassis
2117 4253 2155 4324 in

1163 4314 1284 4386 vicino
1314 4331 1491 4387 conventu
1519 4320 1657 4412 aliquid
1685 4328 1809 4399 audies
1836 4337 1996 4427 consilii,
2035 4348 2066 4417 si
2089 4355 2156 4426 erit

1163 4439 1265 4509 opus.
1314 4416 1412 4490 Bene
1427 4419 1517 4496 vale.
1570 4422 1630 4498 16.
1645 4423 1801 4501 lanuarii
1818 4431 1930 4513 1542.

1904 4567 1998 4645 Phil.
2016 4540 2102 4660 Mel.
2200 4646 2205 4657 .

1164 4688 1372 4703 m-

1291 4737 1295 4744 .

1195 4807 1227 4877 ιε)
1244 4807 1447 4866 aldsrcbione.
1471 4810 1503 4868 C.
1517 4811 1575 4868 W.
1597 4843 1633 4858 -
1673 4816 1764 4877 Recte.
1796 4821 1912 4885 Miserat
1927 4835 2001 4889 cuim
2022 4841 2154 4903 Fucbsius

1231 4879 1347 4949 librum,
1364 4879 1399 4962 de
1411 4896 1467 4950 qno
1479 4880 1508 4934 in
1523 4882 1644 4964 opat.
1658 4884 1717 4961 leo,
1728 4908 1822 4947 sermo
1832 4907 1887 4967 est,
1905 4902 1939 4957 sd
1953 4904 2142 4970 Macebiouem
2165 4947 2175 4959 ·

1230 4957 1257 5003 et
1273 4966 1424 5019 praemium
1438 4960 1598 5023 expectant.
2144 4956 2153 4986 '

1199 5033 1226 5104 1)
1244 5034 1358 5119 „4¹3⁵”
1373 5033 1441 5089 olim
1455 5028 1644 5110 Pegaviensis,
1661 5041 1981 5116 &nordmanniae
2003 5064 2084 5133 (Nou
2098 5070 2154 5128 Β..

1232 5120 1288 5157 van
1302 5122 1331 5157 m
1347 5106 1444 5175 marg.)

1196 5189 1225 5256 2)
1246 5189 1386 5248 Zscbeicb.
1400 5193 1547 5248 mendose:
1564 5199 1780 5269 praescripsisti.

1197 5269 1228 5340 3)
1245 5270 1333 5329 Dans.
1352 5280 1559 5345 quoquomodo.

1200 5357 1232 5428 4)
1251 5358 1519 5507 Zscheicirblgudeat.
