4522 5752
200 234 278 313 ιιι
318 242 323 247 ·
392 316 398 329 ,
760 183 1201 361 carseo-penult
1250 225 1361 335 mn.
1387 226 1491 307 uri.
1543 202 1726 309 1⁶41.ss
2160 235 2231 335 sao

204 401 393 490 tomensis,
432 399 615 485 Bactrus,
652 394 836 476 Nidonus
863 392 1021 482 Pastor,
1057 411 1094 472 et
1119 421 1196 491 ego.
1244 400 1284 471 in
1307 400 1408 473 culus
1430 401 1602 477 suavitate
1623 401 1809 477 etvlrtuto
1833 401 2232 501 acquiescerem

205 510 389 583 Intersunt
404 501 619 578 Fridericus
634 502 835 589 Palatinus,
866 494 1097 583 Granvelus,
1122 498 1196 573 Co-
1244 516 1304 574 tua
1320 504 1481 589 debebat.
1530 500 1580 577 Et
1593 518 1667 576 erat
1686 504 1760 596 ipse
1779 517 1926 599 propter
1948 504 2104 600 optimos
2122 528 2232 587 mores

204 636 279 684 mes
301 634 327 681 o
347 600 640 691 Manderschid,
672 603 912 676 Cancellarius
934 602 1091 675 Palatini
1110 598 1197 673 Ele·
1243 605 1316 675 vita
1327 603 1487 697 longiore
1500 606 1640 697 dignus.
1673 605 1863 679 Fateamur
1876 621 1910 679 et
1923 631 1990 679 nos
2000 612 2128 679 ‘nostm
2141 630 2232 679 com·

205 712 324 800 oloris,
348 708 588 784 Cancellarius
597 706 707 780 Ducis
715 705 888 777 Saxoniac
897 701 1081 790 Electoris,
1099 700 1197 776 Can·
1243 707 1349 776 ruodo
1364 705 1519 793 moveri,
1552 709 1650 802 quod
1674 707 1827 779 amicum
1849 721 1884 781 et
1905 708 2083 802 optimum
2100 708 2234 780 studio-⁸

107 810 112 827 '
206 816 369 887 cellarius
383 803 637 905 Hassiacus*)‚
663 822 698 880 et
712 802 874 879 Iacobus
889 802 1088 880 Sturmius.
1126 802 1196 876 Es-
1243 830 1322 878 rum
1338 807 1474 879 socium
1489 809 1681 889 amisimus.
1733 807 1856 905 Itaque
1870 834 1945 880 non
1960 812 2151 901 possumus
2163 832 2233 881 non

96 930 102 938 '
205 941 321 989 semus
342 917 414 987 iam
435 926 507 987 tota
523 906 588 982 hac
605 905 805 1007 molestia²)
819 908 979 995 liberati,
1011 908 1043 978 si
1059 901 1195 978 Eccius
1243 909 1363 1001 lugere
1379 909 1564 980 interitum
1582 910 1648 980 filii
1664 911 1734 983 tui:
1766 924 1803 982 ¹et
1824 935 1905 981 cum
1925 911 2061 1004 optima
2076 934 2233 1007 quaeque

204 1044 270 1092 suo
283 1041 383 1089 more
396 1024 570 1110 pugnaret
577 1037 587 1100 ;
619 1014 682 1082 sed
702 1034 765 1083 seu
785 1011 937 1102 collegae
960 1032 1023 1081 seu
1041 1008 1105 1080 alii
1121 1008 1195 1079 cius
1243 1025 1369 1083 natura
1397 1011 1551 1081 maxime
1574 1012 1620 1081 sit
1644 1004 1908 1112 φιλόστοργος,
1949 1036 2024 1082 non
2050 1032 2232 1105 possumne

204 1106 377 1213 impetum
390 1119 630 1189 moderantur.
679 1111 762 1185 Non
782 1123 966 1205 repugnat
978 1110 1022 1181 dc
1045 1109 1194 1182 articulo
1242 1112 1309 1182 tibi
1330 1125 1403 1182 tam
1425 1112 1550 1183 duram
1574 1112 1685 1203 legem
1709 1113 1892 1204 imponere
1915 1114 1960 1183 iae
1984 1113 2119 1188 doleas
2182 1110 2232 1185 Ne

203 1218 481 1304 iustificationis,
513 1229 651 1286 tantum
668 1215 806 1309 quaerit
819 1215 1012 1284 verborum
1032 1212 1196 1283 latebras.
1241 1210 1374 1283 Paulus
1388 1213 1531 1307 quidem
1552 1213 1673 1305 lugere
1695 1210 1806 1285 rctat:
1841 1217 1966 1285 sedne
1989 1200 2177 1307 lugeamus
2194 1226 2232 1287 ut

203 1323 349 1396 Nostras
366 1319 551 1400 ‚formulas
577 1316 742 1408 amplecti
768 1315 911 1402 metuit,
952 1337 992 1385 ac
1021 1336 1117 1386 nunc
1149 1315 1194 1384 dc
1241 1328 1361 1404 gentes
1378 1315 1520 1405 ignarae
1531 1315 1733 1408 propositae
1748 1315 2036 1391 immortalitatis.

203 1425 316 1518 ipsius
337 1421 491 1494 formula
520 1418 687 1492 rixamur.
744 1414 835 1487 Heri
864 1430 976 1488 totam
1003 1414 1193 1486 formulam
1342 1415 1392 1489 Ut
1415 1416 1523 1506 igitur
1542 1411 1690 1487 humani
1709 1417 1821 1488 animi
1845 1430 1897 1489 est
1911 1416 2002 1486 affici
2016 1415 2232 1488 suorumin·

203 1528 363 1620 ipsorum
384 1520 626 1616 repudiarem,
664 1520 726 1589 sed
749 1518 800 1590 ita
826 1518 1027 1608 corrigunt,
1062 1529 1103 1586 ut
1127 1538 1194 1586 nos
1241 1519 1365 1604 teritu;
1400 1517 1449 1587 ita
1472 1540 1594 1587 rursus
1617 1519 1726 1610 pietas
1746 1532 1798 1589 est
1819 1518 1995 1589 moderari
2012 1518 2230 1604 moestitiam,

204 1630 415 1718 abrumpere
437 1621 618 1714 negotium
641 1644 717 1691 non
733 1619 869 1698 ‚sinant
931 1616 1050 1688 Hodie
1071 1639 1194 1687 rursus
1241 1633 1275 1690 et
1295 1642 1442 1689 avocare
1464 1620 1623 1688 animum
1640 1621 1684 1690 ad
1699 1620 1946 1709 cogitationem
1962 1621 2006 1689 de
2021 1617 2092 1691 Dei
2107 1619 2230 1689 volun-

204 1734 310 1801 erunt
328 1748 442 1797 novae
463 1724 569 1795 rixae.
626 1719 743 1793 Deum
766 1736 863 1794 orate
872 1716 921 1815 ³),
959 1732 998 1790 ut
1020 1719 1195 1809 gubernet
1241 1733 1328 1804 tate,
1370 1721 1414 1790 de
1436 1721 1685 1792 communibus
1707 1721 1886 1793 aerumnis
1906 1721 2046 1810 generis
2073 1716 2230 1807 humani,

203 1827 268 1902 has
289 1829 444 1900 actiones
460 1823 796 1918 'periculosissimae
853 1819 893 1893 si
923 1820 1089 1915 privatim
1113 1844 1193 1890 mco
1241 1821 1285 1893 de
1308 1821 1589 1908 immortalitate,
1626 1821 1780 1917 donique
1803 1824 1848 1893 de
1868 1822 1934 1891 filii
1957 1822 2145 1893 voluntate
2165 1821 2227 1891 iam

202 1935 282 2004 loco
292 1927 323 2024 ⁴)
338 1951 419 1999 rcus
434 1949 556 2008 essem,
582 1926 736 1996 dicerem
750 1947 864 1994 meam
881 1923 1104 2025 seutentiam,
1129 1944 1194 1991 nec
1240 1922 1391 1994 fruentis
1412 1922 1616 1994 dulcissima
1633 1921 1702 1994 Dei
1722 1938 1756 1994 et
1771 1920 1949 1995 Ecclesiae
1971 1922 2131 2015 purioris
2150 1944 2228 1992 con÷

201 2030 378 2124 implicari
399 2053 455 2099 me
478 2023 644 2121 talibus)
666 2025 800 2119 laqueis
825 2024 990 2099 sinerem.
1040 2020 1139 2093 Bene
1160 2035 1194 2093 et
1241 2024 1428 2096 suetudine
1449 2023 1487 2092 in
1510 2024 1619 2095 coelo.
1678 2022 1770 2095 Nam
1799 2024 1850 2095 sic
1879 2023 2048 2114 cogitabis
2074 2020 2227 2095 nosner

123 2122 126 2129 ⁸
201 2134 351 2205 feliciter
365 2131 488 2205 valete.
539 2127 660 2199 Pridie
675 2127 811 2200 calend.
827 2124 930 2200 Maii.
1239 2125 1339 2196 nasci
1365 2149 1429 2194 nec
1451 2125 1610 2195 occidere
1633 2149 1733 2207 casu,
1768 2127 1830 2195 sed
1850 2122 1918 2195 Dci
1940 2125 2112 2208 consilio,
2144 2124 2228 2197 sicut

713 2254 902 2351 Philippus
917 2250 1142 2328 Melanghm
1240 2226 1358 2320 inquit
1377 2224 1556 2298 Psalmus:
1590 2224 1669 2319 lpse
1688 2226 1773 2296 fecit
1797 2249 1881 2311 nos,
1911 2240 1946 2297 et
1967 2251 2042 2297 non
2064 2226 2140 2321 ipsi
2157 2248 2227 2299 nos.

1240 2326 1382 2400 Statuas
1396 2351 1478 2397 non
1499 2330 1769 2420 repugnandum
1791 2327 1968 2398 voluntati
1989 2326 2080 2411 Dei,
2112 2329 2175 2423 qui
2188 2326 2229 2397 b·

1240 2429 1349 2515 lium,
1373 2442 1554 2500 evocatum
1577 2452 1619 2499 ex
1643 2426 1711 2500 hoc
1733 2453 1889 2514 carcere,
1917 2431 1963 2499 ad
1985 2430 2085 2500 aliud
2106 2428 2228 2500 melius

197 2606 267 2680 s.
1239 2529 1643 2704 :aenaea
1664 2529 2229 2707 attestatae

204 2698 375 2735 Μ
977 2692 1190 2731 m
1361 2685 1373 2719 ²

500 2777 503 2783 ,
653 2783 660 2802 .
783 2783 791 2800 ·
1239 2734 1354 2826 cipial.
2072 2824 2077 2829 Ι

541 2809 573 2866 ⁰
599 2778 847 2864 thltabtm.
1339 2830 1478 2906 Deinde
1495 2834 1665 2931 quisquis
1696 2836 1904 2929 praesertim
1935 2832 2066 2909 borusn
2096 2850 2229 2927 tempo-

371 2956 470 3021 ttta'nlti
487 2957 585 3034 ἠως.
604 2981 631 3035 p.
644 2961 679 3016 st
691 2978 751 3032 sqq.
1238 2960 1319 3008 rum
1340 2935 1553 3008 calamitates
1577 2937 1617 3007 in
1631 2934 1789 3010 Ecclesia
1812 2952 1846 3010 et
1859 2935 2058 3030 Republica
2085 2938 2229 3031 propius

858 3112 866 3130 ‚
910 3113 918 3131 ⁸
1096 3111 1105 3130 ‚
1238 3037 1457 3124 considerat,
1489 3038 1632 3110 videtur
1656 3062 1731 3111 non
1754 3039 1943 3110 difficulter
1968 3040 2229 3133 obtemperatu-

105 3202 109 3209 ,
233 3118 444 3202 Nobilitate
461 3128 493 3189 et
511 3119 641 3193 virtute
654 3122 864 3217 praestanti
880 3137 976 3203 varo,
1001 3109 1150 3187 dommo
1238 3136 1410 3224 mmm,
1442 3136 1474 3210 εἰ
1494 3162 1536 3209 e,
1557 3134 1623 3210 hac
1643 3141 1716 3213 Vq„
1738 3153 1916 3211 evocetur·
1964 3139 2116 3213 publi„
2136 3140 2229 3211 ,nim

462 3246 488 3294 ⁰
510 3214 763 3294 Rliffll'm
787 3210 925 3299 G⁰H⁰2
1226 3220 1380 3311 'morum
1399 3241 1579 3333 corruptio
1605 3241 1712 3314 etiam
1737 3243 1833 3313 bona
1855 3240 1999 3331 ingenia
2020 3240 2229 3314 inflectitad

173 3347 243 3438 ’8.
268 3358 315 3435 D.
369 3355 520 3431 Nullum
557 3368 609 3428 est
639 3347 833 3423 humanius
866 3347 1041 3435 officium,
1082 3369 1190 3443 quam
1239 3364 1296 3412 eas
1319 3354 1430 3422 artes,
1462 3366 1552 3436 quac
1574 3342 1710 3414 etiamsi
1727 3357 1811 3416 sunt
1832 3341 1999 3434 indignae
2020 3344 2149 3431 bonis,
2178 3354 2236 3433 ta·-

196 3466 313 3539 alieno
331 3461 431 3532 luctu
451 3457 574 3542 adfici,
606 3454 664 3524 vel
687 3450 928 3524 consolatione
948 3450 1007 3521 vel
1028 3450 1190 3521 societate
1237 3466 1340 3528 men,
1361 3441 1446 3536 quia
1470 3444 1514 3514 ad
1529 3443 1724 3549 potentiam
1738 3444 2018 3537 etopesaditum
2030 3444 2187 3530 faciunt,
2208 3468 2228 3513 a

197 3565 332 3639 doloris
354 3562 507 3633 alienam
527 3554 741 3629 moestitiam
761 3553 884 3623 lenire.
941 3549 1062 3639 Quare
1084 3551 1189 3623 etiarn
1238 3544 1402 3638 pluribus
1418 3545 1597 3621 coluntur.
1648 3542 1724 3618 lam
1745 3545 1785 3616 in
1799 3543 1975 3628 Ecclesia,
2009 3571 2102 3643 quae
2124 3546 2229 3617 debo-

195 3671 227 3740 si
248 3666 319 3738 tibi
337 3663 478 3754 ignotus
499 3675 596 3745 sum,
634 3670 855 3728 tamencum
876 3673 987 3723 essem
1010 3647 1070 3723 hic
1094 3653 1188 3745 apud
1237 3647 1299 3719 bat
1314 3667 1387 3717 esse
1402 3646 1621 3737 gratissimus
1633 3660 1793 3741 receptus
1810 3671 1849 3717 ac
1863 3646 1974 3719 veluti
1988 3662 2115 3742 portus
2127 3646 2229 3719 bonis

196 3762 419 3845 Calvinum,
457 3762 560 3832 etde
585 3772 699 3830 morte
724 3753 869 3825 liliitui
894 3746 1045 3840 lodoci,
1084 3776 1189 3847 quem
1238 3760 1273 3820 et
1287 3747 1473 3832 studiosis,
1506 3761 1678 3843 quantum
1703 3760 1754 3821 est
1772 3748 1990 3842 privatarum
2008 3748 2228 3843 superstitio·

195 3858 350 3946 sciebam
370 3866 479 3936 fuisse
502 3861 759 3932 adolescentem
782 3854 920 3947 egregia
944 3854 1086 3940 indole,
1114 3853 1190 3924 vir·
1237 3873 1343 3933 num,
1368 3862 1499 3942 quanta
1515 3846 1740 3941 Apostolicae
1761 3848 1967 3942 disciplinae
1986 3850 2229 3944 perturbatio?

185 3978 272 4046 'tute
286 3986 321 4042 et
334 3965 536 4040 eruditione
552 3960 773 4055 praeditum,
804 3959 848 4028 ad
867 3970 902 4027 tc
918 3956 1089 4028 darentur
1108 3954 1190 4026 lite-
1237 3946 1285 4022 Et
1306 3950 1436 4018 summi
1457 3950 1620 4039 ordines,
1653 3951 1696 4023 ad
1720 3974 1875 4045 quorum
1897 3952 2055 4024 officium
2074 3952 2229 4047 pertine·

195 4100 275 4163 rae,
303 4094 399 4146 meas
414 4087 556 4163 quoque
572 4060 813 4152 adiungendas
828 4081 901 4128 esse
917 4057 1056 4150 putavi:
1087 4079 1190 4148 prae·
1236 4052 1297 4122 bat
1318 4050 1453 4120 mederi
1476 4045 1532 4120 his
1556 4052 1676 4138 malis,
1719 4076 1812 4123 nova
1832 4054 2020 4145 asperitate
2039 4078 2081 4125 ea
2099 4054 2226 4127 confir·

196 4177 316 4250 sertim
340 4196 421 4244 cum
452 4182 487 4238 et
516 4159 608 4236 mihi
629 4165 818 4233 immatura
840 4182 937 4231 mors
961 4159 1042 4230 talis
1068 4157 1189 4229 adole·
1236 4165 1345 4227 mant.
1397 4150 1497 4241 Quid
1520 4153 1630 4243 igitur
1652 4154 1721 4224 loci
1744 4154 1849 4225 bonis
1871 4169 1906 4226 ct
1924 4155 2038 4226 doctis
2054 4156 2094 4225 in
2107 4152 2225 4229 Eccle—

195 4277 324 4351 sccntis
344 4293 513 4363 magnum
535 4266 696 4337 dolorem
724 4260 895 4335 attulerit.
951 4257 1065 4331 Doleo
1092 4258 1189 4330 enim
1236 4248 1297 4323 siis
1313 4275 1386 4323 esse
1407 4266 1540 4344 potest,
1572 4255 1635 4325 ubi
1658 4255 1709 4324 eis
1729 4255 1852 4340 exilia,
1884 4279 2001 4327 carcer
2022 4271 2059 4329 et
2081 4258 2225 4329 atrocis·

194 4358 389 4453 Ecclesiam
406 4372 568 4444 orbatam
585 4389 658 4437 esse
679 4377 752 4435 tam
773 4362 869 4433 felici
891 4362 1054 4452 ingenio,
1089 4361 1189 4429 cuius
1236 4354 1324 4424 sima
1348 4355 1520 4446 supplicia
1546 4357 1724 4447 proposita
1746 4356 1853 4429 sunt?
1900 4354 1984 4428 Non
2001 4356 2115 4448 igitur
2130 4383 2224 4431 reco-

94 4482 97 4487 ’
166 4495 270 4553 erat
289 4496 439 4568 magnus
459 4492 545 4544 usus
566 4468 707 4539 futurus
731 4464 770 4535 in
795 4463 1031 4557 propagandis
1055 4461 1188 4531 etillu·
1236 4478 1351 4525 semus
1369 4458 1412 4524 ad
1431 4480 1507 4525 eam
1521 4452 1716 4527 Ecclesiam
1730 4458 1928 4543 discedere,
1953 4458 1992 4529 in
2007 4484 2078 4553 qua
2093 4484 2223 4531 summa

195 4579 349 4660 strandis
370 4574 515 4667 optimis
537 4571 691 4656 artibus,
726 4574 924 4660 quaesunt
951 4564 1055 4635 utiles
1085 4562 1188 4633 vitae.
1236 4580 1316 4626 cum
1334 4556 1608 4650 tranquillitate,
1639 4556 1740 4650 pulsa
1760 4559 1859 4629 omni
1875 4559 2024 4649 caligine
2040 4560 2161 4633 Deum
2174 4563 2224 4631 in·

194 4682 278 4756 Tua
297 4679 402 4767 etiam
424 4697 528 4751 causa
548 4672 671 4752 doleo,
705 4681 865 4760 ereptum
888 4664 955 4735 tibi
971 4687 1045 4735 esse
1061 4665 1188 4749 filium,
1237 4657 1431 4744 tuebimur,
1462 4683 1543 4727 cum
1558 4659 1704 4730 summis
1721 4659 1807 4731 viris
1821 4655 2010 4753 Prophetis
2024 4676 2061 4734 et
2074 4659 2224 4756 Aposto-

1235 4758 1291 4827 lis.
1341 4756 1481 4829 llorum
1498 4761 1787 4833 consuetudinem
1805 4762 1942 4855 quoties
1962 4764 2100 4854 cogito,
2130 4766 2222 4839 etad

198 4869 426 4896 -·········
1235 4859 1526 4950 gubernationem
1542 4862 1714 4949 rerumju
1729 4857 1795 4934 bac
1809 4861 1881 4933 vita
1895 4886 2080 4957 comparo:
2109 4864 2223 4957 Quid?

228 4993 258 5061 s)
276 4987 341 5045 vta.
354 5002 398 5055 ep.
412 4982 446 5038 ad
459 4978 546 5036 Eleos.
560 4975 642 5032 ott.
656 4974 724 5047 apr.
1235 4962 1350 5031 dicam
1366 4962 1462 5055 quod
1478 4962 1609 5032 sentio:
1641 4959 1819 5034 Incendor
1840 4964 1997 5035 melioris
2019 4966 2116 5040 vitae
2136 4971 2223 5041 dest

189 5076 195 5083 ·
227 5080 257 5149 a)
273 5072 366 5131 weh.
380 5084 433 5140 pro
447 5063 633 5188 gotald-‚mvl
647 5055 918 5182 rr⁰r⁸¹¹⁵b¹¹¹5ml⁰=²=
940 5058 1010 5182 ”2⁶⁰
1026 5061 1080 5114 Μ
1095 5062 1183 5116 mote-
1235 5061 1346 5137 derio.
1397 5061 1483 5132 Vidi
1505 5064 1630 5134 lunera
1651 5078 1685 5134 ct
1708 5065 1898 5137 domestica
1917 5079 1952 5137 et
1973 5066 2131 5141 aliorum
2144 5095 2224 5143 oon·

227 5148 359 5290 albini
384 5135 501 5278 itii?
526 5148 567 5202 ῳ
580 5139 692 5202 possunt
707 5147 752 5184 ver
772 5144 875 5182 asssu
889 5143 972 5198 ΘΜ
992 5146 1019 5182 ⁰'
1236 5164 1538 5236 iunctissimorum
1569 5160 1757 5235 hominum
1788 5168 1957 5259 pleraque
1987 5192 2121 5261 magno
2148 5194 2225 5245 cum

228 5233 259 5389 *ζ
277 5246 373 5370 Wzb:
387 5259 475 5363 doce..
1237 5265 1372 5339 dolore.
1424 5264 1494 5336 Sed
1511 5290 1592 5335 cum
1609 5280 1808 5359 temporum
1825 5268 1911 5339 vitia
1933 5269 2096 5361 intueor,
2127 5296 2223 5369 saepe

134 5476 140 5483 .
229 5409 260 5476 5)
279 5391 706 5461 web·,·m,1,·„„·„„·„1,;„
1238 5367 1357 5436 iudico
1385 5366 1673 5459 impendentibus
1700 5370 1959 5444 calamitatibus
1988 5373 2089 5449 orbis
2118 5390 2225 5481 tem-
