4536 5754
654 214 1096 299 ttrtsToLAItUM
1148 214 1261 295 ΗΒ.
1293 214 1394 295 Vlll.
1450 215 1582 293 1541.

93 394 225 479 filiam,
250 416 453 491 quomrum
466 404 571 486 pater
584 404 729 481 negaret
745 390 968 488 seTyranno
990 392 1115 465 decta,
1146 412 1220 461 non
1256 388 1514 461 dissimulanda
1546 404 1671 465 errata
1740 389 1860 480 Quane
1892 416 1973 463 curn
2004 408 2140 485 partem

93 524 177 575 rum
200 522 295 581 esse,
319 498 503 589 aliquanto
522 508 603 588 post
616 488 832 588 Dionysius
855 495 1005 567 conficto
1025 492 1116 563 cri··
1146 486 1349 569 scholastici
1368 492 1500 561 laboris
1524 494 1755 579 sustinerem,
1782 494 1905 585 collegi
1927 520 2001 565 non
2024 497 2140 569 solum

93 601 215 687 ruine,
238 598 432 671 interfectis
445 592 637 669 Aristides
652 597 794 683 liberis,
818 595 1023 687 interrogat,
1049 618 1095 665 an
1145 617 1273 685 magna
1300 594 1502 674 sedulitate,
1538 597 1597 664 sed
1627 595 1734 666 etiarn
1759 621 1843 669 cura
1869 611 1904 668 et
1926 599 1995 668 lide
2019 622 2140 668 rerum

94 704 262 779 nondum
285 700 466 793 poeniteat
489 724 571 771 enm
596 699 756 783 consilii,
786 722 867 769 curn
892 698 1002 767 liliam
1027 696 1096 788 ipsi
1146 720 1319 776 summas,
1347 719 1434 789 quas
1453 696 1580 769 inclusi
1597 691 1654 765 bis
1668 698 1817 784 libellis,
1841 698 2027 793 inquibus
2048 696 2139 769 mihi

97 806 323 899 despondere
340 802 467 872 noluit.
518 800 589 871 llic
604 794 789 869 Aristides
809 800 945 889 ingenti
967 800 1096 871 robore
1145 821 1221 867 non
1235 799 1317 868 volo
1332 798 1489 887 ignosci,
1509 798 1539 867 si
1560 800 1647 892 quid
1663 799 1754 871 inest
1775 802 1916 871 erroris.
1967 799 2060 873 Usus
2075 828 2141 873 an-

95 906 232 1005 snimi,
253 900 350 989 Etsi,
375 903 512 995 inquit,
534 925 665 992 rnagno
691 901 816 973 dolore
836 902 990 987 afficior,
1014 925 1097 969 eru-
1147 913 1218 970 tem
1239 925 1317 971 sum
1330 897 1525 970 Dialectico
1543 898 1828 994 quodamlilo'in
1842 903 2059 996 explicandis
2074 906 2141 974 do-

95 1008 227 1083 deliter
242 1006 376 1076 necatis
392 1004 535 1086 liberis,
560 1016 679 1075 tamen
692 1029 750 1075 me
764 1004 850 1075 recti
867 1003 1009 1074 consilii
1022 1026 1096 1071 non
1145 1001 1341 1091 gmatibus,
1366 1027 1441 1071 non
1456 1027 1497 1072 eo
1513 1016 1670 1088 tantum,
1694 1006 1791 1097 quod
1808 1000 1893 1076 bace
1908 1006 2022 1076 forma
2036 1030 2142 1098 erpe-

94 1110 269 1207 poenitet.
303 1105 357 1177 lta
373 1107 437 1179 etsi
453 1106 626 1192 vidimus,
651 1120 820 1200 quantam
832 1105 973 1175 ruinam
990 1103 1096 1174 etiam
1146 1104 1258 1175 ditior
1269 1117 1334 1188 est,
1357 1117 1392 1175 et
1406 1104 1545 1174 facilius
1562 1128 1617 1177 res
1632 1102 1904 1197 comprehensae
1920 1106 2052 1179 talibus
2065 1132 2143 1177 ms-

97 1212 324 1309 qnarundam
341 1210 518 1279 bonarum
533 1232 655 1279 rerum
670 1207 815 1277 traxerit
831 1207 946 1277 civilis
962 1206 1097 1275 discor-
1146 1206 1191 1276 tis
1213 1204 1480 1295 intelliguntur,
1516 1205 1701 1276 sedetiam
1717 1208 1810 1301 qnia,
1833 1232 1924 1302 quae
1940 1210 2083 1302 proprie
2107 1224 2143 1281 et

96 1315 176 1399 dia,
202 1327 320 1385 tamen
337 1310 407 1379 mei
423 1333 481 1379 me
499 1310 638 1381 consilii
652 1333 727 1378 non
744 1310 914 1401 poenitet.
965 1306 1098 1377 Haeret
1146 1304 1328 1399 perspicue
1343 1307 1530 1392 dicuntur,
1555 1309 1834 1380 moderatissime
1846 1312 2026 1386 dicuntur.
2053 1308 2143 1401 Spe-

97 1415 297 1498 discordia,
328 1435 402 1483 non
418 1424 538 1482 nostra
555 1412 676 1503 culpa,
702 1413 765 1481 sed
788 1411 918 1480 scelere
938 1410 1098 1493 illorum,
1145 1410 1268 1480 rabam
1284 1424 1403 1479 autem
1417 1410 1505 1490 fore,
1530 1410 1776 1504 utaliquando
1793 1436 1913 1483 rerum
1927 1414 2143 1504 optimarum

98 1518 163 1613 qni
175 1517 438 1586 illucescentem
452 1512 638 1584 veritatem
651 1514 744 1583 ferre
755 1525 950 1605 nequeunt.
983 1509 1097 1581 Dein·
1147 1510 1377 1603 perspicuitas
1390 1524 1424 1581 et
1440 1512 1618 1581 evidentia
1646 1508 1711 1584 καὶ
1728 1510 1899 1613 Ιἐνέργεια
1924 1529 1960 1586 et
1979 1518 2144 1585 modera-

99 1620 145 1691 de
169 1617 255 1687 illos
277 1615 373 1707 ipsos
394 1636 502 1705 rogo,
524 1627 567 1685 ut
586 1617 631 1684 de
649 1614 897 1685 fontibusnon
909 1613 1098 1705 disputem,
1147 1614 1196 1684 tio
1225 1613 1361 1683 aditum
1389 1614 1435 1682 ad
1462 1637 1687 1684 communem
1715 1616 1943 1687 concordiam
1968 1617 2145 1709 pateface-

98 1732 139 1793 ut
152 1718 330 1809 cogitent,
353 1716 468 1786 solere
483 1716 606 1787 fatales
619 1716 834 1787 mutationes
851 1715 1019 1787 omnibus
1042 1739 1099 1784 re-
1146 1727 1239 1790 rent.
1295 1712 1524 1785 Durabiliora
1548 1728 1632 1784 sunt
1661 1729 1696 1786 et
1720 1718 1825 1786 etiarn
1854 1718 2022 1803 certiora,
2055 1742 2145 1811 «prae

101 1824 169 1895 bos
182 1814 351 1905 humanis
366 1817 543 1905 accidere,
568 1840 657 1912 quae
671 1810 840 1888 humanis
858 1816 1017 1888 consiliis
1041 1840 1099 1885 ca-
1147 1815 1292 1909 pcoprie
1308 1816 1494 1897 dicuntur,
1521 1816 1673 1886 simodo
1689 1842 1770 1887 vera
1786 1832 1880 1905 sunt,
1907 1844 2013 1913 quam
2030 1820 2145 1889 ambi-

99 1923 179 1995 reri
189 1946 267 1993 non
280 1932 441 2013 possunt.
492 1917 588 1991 Satis
602 1920 693 1989 bene
710 1920 895 1990 nobiscum
916 1919 974 2009 agi
995 1930 1099 2010 putc-
1148 1942 1215 2009 gna
1230 1932 1264 1988 ct
1288 1916 1464 1991 intricata.
1514 1915 1687 1987 Prodesse
1708 1919 1817 2009 igitur
1841 1935 1982 1991 nostros
2004 1921 2144 1991 libellos

102 2036 201 2111 mus,
225 2024 256 2095 si
270 2020 445 2114 sapientia
462 2033 498 2091 et
510 2020 754 2094 moderatione
772 2021 928 2109 mitigari
940 2031 1099 2113 possunt,
1150 2020 1290 2111 proprie
1304 2020 1451 2109 scriptos
1464 2018 1534 2110 piis
1551 2019 1682 2104 indico,
1708 2046 1772 2091 nec
1788 2022 1945 2092 studium
1960 2018 2147 2115 Hereogr'i

105 2150 255 2221 utruque
269 2148 346 2195 non
359 2122 533 2213 contingit
547 2118 568 2194 ὅ
582 2121 621 2205 ἐξ
636 2117 766 2218 οὐρίας
787 2126 921 2207 πλοῦς,
947 2134 989 2192 ut
1009 2122 1100 2191 dici-
1149 2122 1253 2192 amici
1270 2122 1384 2192 nostri
1400 2122 1582 2212 improbo,
1608 2122 1670 2213 qui
1689 2123 1843 2193 edendos
1859 2146 1933 2193 esse
1948 2126 2097 2215 putavit.
2215 2154 2223 2163 ·

108 2240 181 2313 tur,
202 2226 350 2297 decebat
366 2226 449 2296 illos
463 2224 655 2316 sapientes,
677 2248 753 2295 non
767 2223 972 2309 iracundia,
995 2223 1099 2307 odiis,
1248 2220 1303 2293 Ne
1324 2234 1442 2293 tamen
1457 2224 1680 2311 arrogantius
1705 2225 1763 2294 vel
1780 2226 1823 2295 de
1849 2222 1904 2295 bis
1931 2226 1987 2295 vel
2004 2228 2048 2295 de
2064 2226 2146 2295 aliis
2175 2284 2180 2303 .,

111 2327 298 2421 pertinacia
320 2348 449 2415 angere
474 2327 562 2419 pub.
583 2327 827 2412 difficultates,
867 2327 930 2396 sed
963 2338 1119 2397 tentare·
1147 2325 1237 2395 meis
1264 2324 1573 2395 lucubrationibus
1596 2326 1727 2396 sentire
1752 2328 1894 2412 videar,
1933 2322 1991 2397 bic
2015 2328 2145 2397 iterum

113 2423 280 2527 δεύτερον
292 2432 431 2513 πλοῦν,
458 2439 494 2500 et
505 2450 568 2498 sus
585 2428 760 2519 aequitate
774 2428 888 2499 lenire
902 2428 1101 2497 incommo-
1149 2441 1276 2512 testor,
1300 2438 1342 2496 nt
1357 2450 1460 2517 saepe
1474 2426 1560 2495 alias
1577 2440 1722 2498 testatus
1743 2452 1841 2515 sum,
1867 2453 1923 2498 me
1946 2454 2022 2499 non
2041 2430 2144 2499 deln-

116 2534 171 2617 da,
194 2545 229 2603 et
248 2554 374 2601 sanare
387 2526 568 2621 Rempub.
616 2526 706 2615 Cur,
730 2554 810 2601 enm
826 2528 1006 2600 Ecclesiae
1022 2530 1100 2598 lue·
1150 2552 1230 2617 gere
1244 2528 1375 2599 iudicia
1390 2529 1532 2619 piorum
1548 2542 1582 2599 et
1599 2530 1820 2601 eruditorum
1839 2543 1912 2601 toto
1928 2532 2014 2603 orbe
2034 2544 2146 2603 terra·

118 2632 157 2705 rit
170 2656 260 2726 opus
275 2630 541 2715 emendatione,
567 2629 696 2700 deinde
717 2656 797 2701 cum
819 2631 892 2701 iam
917 2632 1037 2724 aliqua
1059 2654 1100 2699 ex
1149 2656 1247 2701 curn:
1270 2630 1400 2701 ¹deinde
1423 2654 1479 2699 me
1495 2626 1663 2701 Ecclesiis
1683 2633 1815 2701 nostris
1832 2634 1981 2702 candide
1997 2632 2146 2724 permit-

120 2748 203 2825 psrte
219 2732 369 2805 mutatio
386 2732 562 2819 inciderit,
577 2756 652 2801 nou
667 2733 755 2802 dant
769 2756 925 2823 operam,
950 2747 992 2804 ut
1005 2732 1100 2802 salu·
1150 2744 1223 2802 tere
1237 2731 1411 2802 iudicium
1426 2734 1470 2801 de
1484 2732 1651 2803 omnibns
1666 2734 1754 2803 meis
1771 2735 1956 2809 sententiis
1978 2749 2014 2806 et
2035 2735 2146 2806 actio-

120 2834 309 2907 tiomninm
326 2833 483 2925 gentium
503 2848 596 2903 recte
618 2834 848 2905 consulatur?
885 2832 958 2905 Sed
974 2834 1117 2939 desino!
1149 2834 1269 2906 nibus.
1325 2829 1380 2904 Ac
1402 2835 1516 2905 sentio
1536 2830 1730 2904 Ecclesiam
1755 2832 1890 2907 Christi
1910 2860 1984 2909 esse
2007 2852 2147 2907 nostras

122 2938 156 3007 de
168 2938 319 3009 aliorum
334 2935 577 3007 voluntatibus
592 2936 792 3027 disputare,
817 2938 861 3006 de
875 2958 934 3006 me
949 2936 1078 3006 dicam.
1150 2930 1343 3019 Ecclesias,
1375 2949 1411 3006 et
1431 2934 1511 3027 pios
1536 2936 1741 3031 ubicunque
1766 2950 1940 3008 terrarum
1957 2940 2090 3010 iudicio
2113 2951 2147 3008 et

205 3036 269 3109 Me
293 3060 360 3109 nce
381 3061 491 3129 opum
516 3060 582 3108 nec
597 3032 775 3108 honorum
790 3037 1025 3131 cupiditas-ad
1041 3062 1100 3109 so-
1149 3037 1333 3107 voluntate
1348 3060 1430 3107 cum
1445 3037 1576 3107 nostris
1590 3036 1760 3109 Ecclesiis
1778 3040 1999 3114 coniunctos.
2026 3038 2146 3129 (luae-

122 3136 267 3211 cietstem
292 3132 424 3209 horum
445 3137 679 3209 certaminum
701 3138 741 3207 in
763 3136 924 3211 Ecclesia
947 3140 1100 3231 impulit.
1149 3140 1231 3207 darn
1254 3151 1340 3209 suut
1359 3139 1522 3209 breviora
1548 3139 1586 3207 in
1607 3133 1683 3224 his,
1703 3142 1748 3209 de
1775 3141 1907 3233 quibus
1921 3143 2014 3225 elixi,
2038 3166 2146 3233 quarn

120 3234 157 3311 u
172 3264 229 3312 me
243 3240 283 3309 in
299 3234 357 3311 his
370 3242 478 3311 tantis
492 3240 661 3323 motibus,
686 3264 768 3311 curn
785 3235 955 3313 honestae
968 3243 1100 3311 volon—
1149 3263 1206 3310 res
1227 3239 1402 3331 postulat,
1427 3264 1537 3332 quae,
1563 3240 1593 3309 si
1619 3240 1691 3310 vita
1716 3240 1784 3312 erit
1807 3242 1966 3331 longior,
1992 3245 2147 3335 explica-

121 3342 205 3427 trtis,
238 3355 317 3415 tum
342 3366 425 3411 vero
451 3342 558 3413 etiam
581 3342 780 3427 actionum,
810 3344 1043 3414 consiliorum
1066 3357 1100 3412 et
1148 3340 1278 3411 bimus.
1328 3338 1372 3409 In
1388 3341 1531 3412 caeteris
1547 3336 1774 3431 'l‘hcologieis
1793 3343 1880 3435 qnid
1904 3347 2074 3436 probem,
2104 3370 2144 3414 er

118 3444 337 3537 scriptionum
353 3436 576 3538 rectarum*)
598 3457 702 3537 atque
721 3443 864 3515 utilium
883 3445 1099 3515 conscientia
1149 3467 1190 3513 eo
1204 3443 1311 3523 libro,
1323 3443 1382 3511 cui
1397 3442 1541 3514 titulum
1558 3443 1625 3511 leci
1640 3436 1838 3527 Locorum,
1864 3446 2042 3517 aestimari
2064 3462 2146 3539 pot·

117 3548 281 3631 consolor.
336 3542 474 3635 Collegi
499 3545 538 3615 in
563 3548 705 3617 duobus
732 3546 883 3632 libellis,
919 3548 958 3616 in
983 3539 1099 3615 Locis
1148 3557 1210 3617 est.
1263 3542 1447 3633 Quaedam
1462 3544 1558 3613 enim
1573 3544 1600 3612 si
1618 3545 1806 3616 adfuissem
1823 3549 1973 3619 editioni
1987 3574 2147 3620 summo-

114 3640 341 3741 ,Tlcotogtcb
370 3646 464 3717 etin
486 3648 742 3718 commentario
765 3644 1100 3739 Epistolaeadllo-
1148 3647 1287 3720 vissern.
1331 3642 1431 3716 Nihil
1448 3646 1598 3716 dubium
1613 3660 1665 3718 est
1680 3648 1813 3719 librum
1830 3648 2145 3722 Geneseosornni-

114 3772 247 3837 nanos,
268 3747 468 3819 doctrinam
484 3745 729 3831 :Ecclesiarnm
744 3763 967 3837 nostrarum,
993 3774 1098 3843 qnam
1147 3772 1209 3819 nm
1224 3748 1436 3839 scriptorum
1452 3745 1745 3839 Proplreticorum
1764 3754 2041 3825 eruditissimum
2062 3776 2146 3823 esse.

114 3854 261 3943 prolueto
276 3850 430 3941 optarim
447 3852 619 3920 sinceram
636 3863 671 3921 ct
696 3850 939 3943 incorruptam
965 3856 1009 3921 nd
1033 3877 1098 3943 po-
1149 3847 1192 3919 ln
1210 3844 1307 3919 hunc
1323 3850 1379 3919 vix
1401 3865 1485 3920 sunt
1508 3844 1695 3921 inchoatae
1718 3854 1976 3938 enarrationes,
2002 3856 2039 3924 in
2064 3855 2146 3947 qui·

111 3966 213 4029 steros
226 3951 427 4047 propagari.
478 3951 551 4023 Nec
568 3952 697 4020 iudicia
711 3948 886 4042 Epicurea
909 3978 1032 4023 moror
1052 3955 1099 4021 il·
1120 3976 1126 4019 ι
1147 3952 1216 4020 bns
1230 3964 1307 4021 tnrn
1322 3952 1464 4045 quidem
1483 3953 1587 4020 etiarn
1603 3953 1748 4022 senibus
1772 3956 1932 4044 placebat
1953 3957 2144 4026 discrimen

114 4052 241 4141 losum,
265 4053 331 4149 qui
351 4048 684 4147 quiaEvangelinm
707 4053 928 4124 arbitrantur
949 4079 1022 4123 esse
1045 4057 1096 4123 fa-
1147 4051 1252 4139 Legis
1284 4066 1318 4123 et
1347 4053 1593 4144 promissionis
1618 4050 1874 4144 Evangelicae,
1914 4060 1975 4126 scd
2012 4081 2144 4147 paucae

107 4154 289 4241 balneum,
326 4154 457 4225 nolunt
481 4170 594 4225 errata
612 4152 852 4225 Ecclesiarnm
872 4151 1097 4243 reprehendi,
1147 4167 1231 4223 snut
1251 4166 1285 4223 et
1305 4155 1449 4243 exiguae
1472 4154 1648 4245 pagellae,
1671 4180 1751 4224 cnm
1775 4152 1833 4226 hic
1850 4158 1941 4227 liber
1955 4159 2069 4227 mnlto
2083 4184 2144 4229 eo-

107 4258 231 4331 rnluut
254 4255 393 4351 inquiri
415 4256 598 4326 doctrinae
618 4258 747 4330 fontes.
795 4254 887 4325 Nam
902 4253 1097 4350 Cyclopum
1147 4254 1338 4345 piosiorern
1355 4256 1614 4325 enarrationem
1631 4256 1775 4345 flagitet.
1793 4255 2144 4331 lnlohannisEsan·

109 4357 313 4455 sapientiam
333 4370 408 4429 toto
430 4372 570 4447 pectore
595 4371 627 4427 ct
643 4358 703 4427 odi
725 4370 761 4426 et
784 4357 984 4430 abominor.
1035 4357 1097 4428 ln-
1146 4357 1297 4445 gelinm,
1323 4382 1430 4449 quam
1447 4358 1562 4428 tennis
1579 4370 1629 4427 est
1648 4358 1865 4429 lucubratio!
1906 4360 2000 4432 Sunt
2014 4373 2048 4432 et
2061 4386 2144 4431 sen·

109 4462 182 4533 dico
193 4484 307 4531 unam
322 4482 397 4531 esse
412 4458 457 4529 de
471 4456 550 4530 Deo
571 4472 607 4529 et
629 4459 811 4530 voluntate
831 4459 954 4528 diviua
976 4484 1096 4529 veram
1148 4458 1278 4528 tentiae
1300 4472 1457 4529 recentes
1482 4460 1648 4528 collectae
1668 4454 1752 4551 περὶ
1771 4454 1926 4534 δείπνου
1947 4470 2141 4559 κυριακοῦ,

108 4562 321 4643 doctrinam,
348 4584 438 4656 quae
453 4560 493 4629 in
508 4558 665 4631 Ecclesia
680 4560 747 4631 Dei
771 4561 905 4645 extitit,
930 4562 1015 4631 inde
1036 4586 1098 4632 ns-
1146 4584 1297 4653 qnorum
1312 4560 1450 4653 aliquae
1461 4560 1496 4627 in
1512 4561 1584 4629 illis
1598 4560 1794 4647 autoribus,
1809 4564 2045 4656 quicitantnr,
2059 4582 2143 4637 sunt

101 4690 168 4759 qtre
180 4662 354 4735 ab'initio
376 4675 617 4733 conservatam
639 4661 677 4730 in
703 4661 806 4732 libris
820 4658 1041 4753 Propheticis
1064 4679 1098 4733 et
1145 4661 1407 4754 suppositieiae.
1459 4661 1556 4731 llaec
1585 4676 1617 4732 et
1645 4662 1775 4733 similia
1801 4666 1975 4755 quaedam
1997 4668 2142 4741 mallem

101 4764 338 4861 Apostolieis,
362 4778 398 4835 et
412 4764 571 4855 probatis
592 4763 806 4833 testimoniis
820 4760 999 4833 Ecclesiae
1013 4790 1098 4856 pro-
1145 4765 1273 4834 omissa
1300 4787 1383 4836 esse.
1444 4762 1594 4832 Memini
1624 4764 1711 4833 olim
1735 4760 1935 4859 Trebingoe
1958 4760 2140 4865 Lempnen

102 4870 213 4941 rimae
228 4881 313 4961 post
324 4862 527 4958 Apostolos.
565 4863 670 4935 llanc
687 4864 885 4934 doctrinam
902 4867 1096 4947 colendam,
1146 4866 1250 4934 nobis
1265 4865 1410 4955 pingere
1425 4864 1464 4933 in
1479 4866 1597 4935 tabula
1608 4864 2083 4955 'l'ranssubstantiationem,
2101 4885 2142 4942 ut

102 4970 305 5047 discendam
332 4980 366 5038 et
390 4970 654 5058 propagandam
686 4991 759 5036 csse
783 4968 909 5041 sentio.
971 4967 1096 5039 Sentio
1145 4980 1283 5037 vocant.
1334 4964 1496 5037 Mirabar
1517 4967 1751 5038 insulsitatem
1772 4964 1930 5041 hominis
1954 4986 2028 5043 turn
2050 4996 2140 5065 quo-

100 5072 183 5147 itern
201 5070 320 5153 multa
343 5092 418 5141 esse
441 5069 482 5139 in
507 5069 640 5139 recenti
656 5065 919 5140 Monacborum
936 5071 1097 5140 doctrina
1145 5091 1233 5161 que,
1257 5090 1374 5160 neque
1389 5068 1459 5137 iarn
1475 5068 1581 5139 velim
1600 5070 1715 5140 citatis
1731 5068 1851 5142 nothis
1868 5073 2068 5159 sententiis,
2093 5076 2140 5143 ti-

1146 5168 1220 5239 tulo
1235 5160 1442 5264 Cypriani,
1467 5184 1528 5241 out
1544 5168 1752 5258 Ambrosii,
1777 5191 1838 5246 ant
1853 5168 2138 5271 Theopdyloctr',

130 5262 161 5335 ‘l
182 5258 785 5350 lt¹5¹·⁰t't’·V³¹²¹‘·⁸‘'¹'t'‘¹'‘'.''‘''”T‘ff‘dl‘mi
802 5259 900 5315 ΜΨ·
919 5278 980 5332 ‘PP-
998 5262 1094 5333 ntor.
1144 5271 1346 5342 confirmari
1369 5274 1499 5343 abusus
1524 5270 1754 5346 Sacramenti.
1813 5273 1980 5367 Comperi
2009 5280 2138 5349 miram

163 5334 348 5401 arreptionem
363 5340 504 5383 rectorum
519 5330 596 5398 [nc],
620 5328 686 5384 ende
703 5348 732 5383 ιιι
746 5329 843 5387 Seleet.
857 5346 920 5402 epp.
945 5332 987 5386 ed.
1001 5332 1049 5387 alt.
1068 5343 1094 5387 et

162 5402 211 5459 tib.
225 5400 434 5469 turdorum
444 5408 597 5459 canneru.
1142 5373 1249 5445 scrisse
1264 5375 1447 5445 audaciam
1465 5389 1499 5447 et
1514 5376 1772 5467 impudentiam
1787 5376 2062 5451 describentium
2077 5404 2139 5451 se-
