4522 5752
106 240 183 322 ess
669 186 1120 325 'uersronanun
1163 202 1377 318 nram
1431 204 1565 319 aare.
1674 244 1681 263 ·
1799 222 1802 227 ’
2069 188 2130 335 ta

105 412 175 485 No.
190 400 304 485 2636.
410 396 425 483 ¹.
791 418 869 501 (iere
885 415 1092 500 d.10.Aug.)
1155 409 1283 501 gratias
1297 402 1381 502 ago,
1406 413 1500 505 quod
1524 392 1664 483 nostros
1687 414 1837 489 adiuvit.
1886 412 1961 486 Sed
1987 420 2140 509 proferto,

115 509 288 540 Μ
763 510 1100 553 Μ
1155 513 1249 581 utin
1271 513 1421 584 lectione
1443 516 1704 605 tragoediarum
1717 513 1873 608 Epitasis
1893 518 2012 609 magis
2030 540 2141 611 movet,

340 636 343 641 ·
390 594 537 681 Ioaclt.
572 590 832 678 Camertem·
1156 626 1191 683 et
1212 614 1372 706 percellit
1393 616 1550 702 animos,
1579 640 1686 709 quern
1709 611 1903 713 πρότασιςε
1936 619 1987 690 ita
2010 623 2141 697 mirifice

181 714 570 849 ratrammo
586 790 628 843 sq.
647 769 806 840 (carme
820 768 869 827 iv.
883 786 928 842 ep.
942 767 1014 835 ns.)
1156 715 1354 835 ⁹¹⁰¹ffi¹⁰¹⁰f2
1386 738 1471 836 ⁰⁰¹⁰,
1497 717 1692 837 ratiocinia
1719 720 1806 813 quid
1827 720 2056 839 ifsseffldffl,
2083 728 2142 797 nisi

1156 816 1255 885 brevi
1272 841 1341 908 pax
1357 831 1550 889 constttuta
1565 818 1682 890 luent.
1731 818 1853 891 Nostri
1867 818 1992 893 Duces
2007 826 2143 921 scripte-

115 909 275 994 Clariss.
296 925 334 988 el
364 922 434 1012 opt.
465 914 543 985 ciro
564 910 593 984 I
599 907 734 985 oachi
741 935 807 982 mo
833 901 1106 980 Camerario
1156 930 1242 988 runt
1256 916 1349 1009 Regi
1359 911 1606 989 Ferdt'nando
1623 934 1656 991 et
1678 920 2142 1019 conventuiNoribergensit

162 1015 449 1115 Bamberg'ensi,
475 1015 594 1086 amico
609 1038 678 1086 suo
694 1009 886 1084 carissimo
899 1005 1068 1110 Lipsiae,
1157 1041 1194 1088 se
1207 1032 1345 1111 petere,
1367 1032 1408 1090 ut
1421 1034 1515 1092 certe
1539 1044 1606 1112 pax
1631 1022 1884 1110 constituatur,
1911 1029 2014 1118 quod
2036 1030 2066 1099 si
2085 1030 2167 1119 bat.

113 1132 159 1229 S.
182 1153 229 1226 D.
277 1150 488 1244 Erpatiatur
505 1152 595 1222 istuc
611 1141 812 1241 Georgius,
837 1146 900 1240 qui
923 1150 1039 1216 tecum
1062 1144 1107 1213 de
1157 1122 1349 1240 ⁰⁸²i¹¹dl¹f¹i
1372 1136 1409 1190 ⁸⁰
1428 1122 1636 1242 diffli⁸⁸¹¹f⁰⁸
1656 1125 1864 1209 ‘'mestun'‘
1899 1150 1970 1197 ¹¹⁸⁰
1994 1129 2143 1221 1)ΙιπίΙΜΙΙ

113 1254 404 1327 annotationibus
421 1244 461 1323 in
482 1253 610 1343 scripta
627 1250 816 1342 apostolica
831 1249 1012 1340 loquetur:
1037 1244 1107 1315 mi·
1157 1221 1290 1291 bellum
1305 1223 1482 1293 ¹¹¹³¹¹¹f⁰⁸²
1508 1237 1622 1293 ⁸⁸¹¹¹¹⁰
1644 1218 1828 1295 h⁰¹¹⁸⁸t³¹¹¹
1844 1228 2061 1317 Ρθῑῖῑῖθῐῑθω
2074 1254 2143 1303 ²⁸⁸⁶·

113 1381 155 1429 ro
171 1359 266 1428 enim
281 1370 316 1427 et
329 1353 501 1446 singulari
516 1353 634 1424 studio
659 1352 784 1441 flagrat
802 1349 974 1430 ornandi,
1000 1370 1106 1440 quam
1157 1321 1287 1440 sedin
1309 1337 1459 1446 nisique
1479 1338 1579 1449 ῌθξῑθ
1601 1338 1704 1443 ΨΜ,
1745 1327 1809 1444 (1¹15
1829 1329 1996 1401 sorlakeis
2023 1331 2142 1405 bellum

114 1461 265 1531 maxime
295 1438 427 1550 potest,
458 1477 576 1525 sacros
600 1453 724 1525 libros.
782 1449 905 1521 ludiro
934 1462 1051 1521 autem
1072 1459 1107 1517 et
1155 1424 1295 1499 malm·
1344 1420 1522 1507 ⁰1vti⁸vs
1549 1423 1566 1519 )
1589 1427 1766 1499 dlssuesot
1787 1443 1849 1507 est.
1909 1428 2015 1505 Haec
2037 1458 2141 1507 cotan

113 1563 190 1654 ipse
204 1561 249 1630 ad
262 1558 486 1629 accendenda
498 1554 615 1626 studia
623 1555 845 1647 profuturam
861 1572 1107 1643 eamtoperam
1156 1523 1225 1595 fibi
1239 1524 1417 1618 ⁰⁰Pl⁰³i¹¹⁸
1431 1550 1577 1598 nffl'ffl'e
1590 1551 1739 1620 P⁰⁸⁸⁰¹¹¹⁰

116 1665 148 1733 si
177 1662 314 1731 erudite
344 1659 603 1750 explicarentur
626 1654 799 1749 quaedam
818 1651 1043 1743 grammatica
1067 1651 1108 1718 in
1240 1655 1285 1728 In
1300 1653 1417 1754 περ’)
1434 1673 1534 1751 capta
1548 1672 1707 1750 repertae
1720 1662 1888 1735 seruntur
1901 1664 2141 1762 litteraeque

117 1765 162 1834 iis
177 1762 297 1847 libris,
321 1761 383 1854 qui
406 1759 445 1828 in
459 1758 621 1829 omnium
634 1756 799 1825 manibus
813 1767 1009 1827 versantur.
1059 1746 1108 1820 Et
1157 1760 1342 1830 continent
1357 1754 1542 1831 historiam
1557 1760 1752 1841 multorum
1770 1788 1953 1836 annorum
1975 1770 2021 1838 de
2040 1770 2141 1839 consi·

8 1870 12 1875 '
115 1866 230 1937 multa
258 1864 362 1933 video
395 1882 497 1953 posse
526 1858 664 1929 utiliter
689 1856 872 1929 illustrari.
929 1852 1003 1924 Nec
1029 1874 1108 1920 mea
1157 1860 1215 1929 liis
1235 1861 1463 1933 inimicorum
1491 1875 1708 1945 nostrorum.
1766 1861 1908 1956 Regent
1932 1870 2140 1961 provinciam

117 1990 224 2059 opera
247 1964 315 2035 tibi
338 1963 379 2031 in
397 1987 436 2032 ea
456 1985 495 2031 re
517 1961 680 2030 defutura
703 1970 801 2030 esset.
861 1954 980 2047 Quare
1001 1952 1108 2023 velim
1158 1975 1279 2032 noster
1294 1956 1399 2031 Milo
1422 1975 1456 2033 et
1479 1959 1749 2058 Steinbergius,
1780 1981 1817 2038 et
1836 1964 2056 2041 Cancellarii
2073 1996 2141 2043 mu·

116 2082 152 2139 te
168 2080 202 2139 et
214 2064 375 2158 polliceri
390 2054 551 2157 Georgio
571 2073 694 2131 nostro
717 2057 873 2151 prolixe,
898 2070 933 2126 et
947 2055 1108 2149 aliquan-
1158 2086 1242 2163 nere
1262 2064 1431 2152 fungetur
1451 2058 1680 2136 Francrscus
1697 2081 1828 2142 noster.
1880 2052 2036 2143 Gaudeo
2058 2073 2141 2145 dele·

118 2172 164 2240 do
179 2189 305 2257 manus
318 2154 507 2236 admoveie
528 2163 735 2233 adornando
760 2153 845 2229 huic
870 2157 982 2251 operi.
1030 2154 1110 2227 Lit·
1158 2178 1232 2235 etos
1255 2187 1328 2234 esse
1342 2160 1504 2237 homines
1518 2166 1630 2237 iustos
1644 2181 1679 2238 et
1694 2193 1715 2240 a
1730 2170 1942 2246 crudelitate
1956 2168 2140 2245 abhorren-

117 2286 210 2343 teras
224 2293 244 2338 a
257 2282 292 2339 te
308 2279 449 2359 expecto
466 2267 510 2334 de
525 2263 659 2356 praelio
672 2260 893 2333 Pannonico.
935 2257 1026 2329 Nam
1039 2257 1110 2327 rui-
1159 2280 1228 2353 [θη
1261 2266 1357 2357 ipsos
1380 2267 1486 2338 etiam
1507 2265 1692 2361 Principes
1713 2272 1849 2361 gaudeo
1869 2268 2045 2347 hactenus
2061 2268 2139 2345 nihil

118 2366 160 2442 bi
174 2369 297 2442 scribit
310 2362 553 2464 Spoletinus,
578 2363 766 2434 duodecim
782 2361 896 2430 millia
910 2359 1109 2465 Turcarum
1158 2367 1409 2455 immoderate,
1444 2362 1540 2440 nibil
1565 2371 1724 2462 asperius
1742 2372 1878 2452 fecisse.
1936 2374 2027 2446 Filii
2045 2374 2139 2449 Duu't

119 2473 293 2545 trucidata
307 2493 398 2554 esse,
419 2469 614 2538 desiderata
631 2490 671 2535 ex
687 2463 819 2534 nostris
835 2475 997 2555 quatuor.
1030 2457 1109 2529 Du·
1158 2461 1441 2541 Brunsvicensis
1463 2465 1581 2542 adhuc
1600 2485 1685 2543 sunt
1705 2472 1745 2541 in
1765 2476 1900 2565 patria,
1935 2491 1973 2549 et
1997 2501 2079 2571 pars
2098 2478 2139 2547 eit

119 2599 175 2646 res
189 2572 303 2643 nostri
318 2573 357 2642 iu
373 2566 624 2641 Brunsvicensi
638 2566 773 2636 ditione
789 2559 905 2634 adhue
928 2572 1111 2655 expectant
1159 2570 1288 2640 tradita
1308 2571 1392 2642 sacti
1412 2573 1547 2661 argenti
1569 2585 1605 2643 et
1633 2574 1874 2665 supellectilis.
1944 2576 2018 2651 Sed
2043 2574 2138 2649 bisto-

46 2744 49 2749 ,
121 2678 302 2747 decretum
325 2697 368 2744 ex
391 2669 586 2759 Noriberga
608 2662 691 2765 περὶ
713 2659 866 2761 εἰρήνης.
925 2661 1109 2734 Caesarem
1159 2670 1231 2741 rica
1247 2670 1326 2741 istie
1341 2672 1537 2744 multorum
1551 2676 1776 2745 sermonibus
1796 2678 1972 2749 celebrari
1989 2680 2140 2753 arbitror.

112 2769 301 2861 ,Catulum
321 2776 441 2845 lerunt
462 2772 500 2841 in
521 2769 659 2841 ltaliam
679 2767 828 2839 venisse.
879 2762 977 2837 Haec
996 2789 1038 2835 eo
1060 2764 1110 2833 si·
1159 2766 1230 2841 Vix
1242 2796 1370 2843 manus
1385 2774 1424 2843 in
1437 2774 1623 2845 scribendo
1637 2775 1793 2847 officium
1806 2778 1910 2860 facit,
1937 2780 1989 2851 ita
2004 2782 2141 2877 mequi·

121 2880 267 2971 guilico,
289 2891 341 2961 ut,
357 2877 386 2946 si
403 2874 489 2967 quid
502 2874 545 2943 de
554 2860 693 2941 Carolo
706 2882 767 2941 aut
781 2868 888 2938 rebus
895 2864 1110 2937 Pannonicis
1160 2872 1242 2942 dam
1256 2874 1360 2945 dolor
1373 2889 1561 2972 postquam
1585 2877 1678 2947 redii
1691 2878 1838 2967 afflixit,
1862 2881 1927 2952 sed
1942 2877 2060 2954 Deum
2076 2908 2142 2968 oro,

121 2977 229 3050 habes
244 2980 390 3065 certius,
414 2974 605 3068 impertias.
645 2970 743 3041 Bene
757 2970 835 3040 vale
845 2992 932 3040 cum
946 2969 1111 3039 universa
1160 2987 1202 3045 ut
1222 2988 1361 3045 nostros
1382 2974 1499 3047 Duces
1519 2978 1692 3067 gubernet
1713 2992 1748 3050 et
1767 2996 1891 3057 servet.
1944 2980 2047 3055 Bene
2066 2985 2141 3069 vele,

120 3082 264 3181 spmffia,
1161 3076 1219 3144 die
1236 3075 1433 3164 Anastasii,
1455 3074 1621 3148 Delector
1641 3080 1737 3171 enirn
1758 3082 1905 3152 nomine
1927 3099 2076 3179 propter
2095 3109 2141 3156 rc·

680 3169 870 3265 Philippus
885 3163 1062 3241 Melanlh·
1162 3178 1403 3251 cordationem
1419 3193 1606 3273 usurpatae
1620 3206 1640 3251 a
1655 3193 1690 3254 te
1705 3184 1969 3274 appellationis.
2182 3180 2184 3213 ²

601 3332 1109 3353 Μ
1725 3310 2103 3408 praeposuerant
2182 3266 2184 3345 ἕ

123 3452 187 3524 Νο.
204 3447 315 3523 2586.
961 3447 1113 3571 Q

127 3546 299 3577 Μ

511 3634 546 3718 Ι.
579 3629 724 3720 Ionae.
1172 3664 1240 3738 No.
1259 3660 1373 3735 2538.
2000 3678 2139 3761 estus

1164 3760 1377 3794 m
1986 3768 2140 3797 Μ

190 3810 338 3936 use
347 3811 517 3950 attan
527 3809 826 3951 ,attestatas
838 3807 989 3932 tettan
998 3804 1113 3929 aaa
1425 3828 1611 3946 Garga
1635 3830 1894 3922 aaran.

221 3970 249 4022 p.
259 3901 333 4017 iffi,
352 3949 379 4002 in
393 3949 462 4021 Epp.
478 3946 558 4002 Loth.
575 3964 591 4001 e
605 3948 637 4002 de
651 3946 767 4004 Wettio
788 3949 852 4006 edit.
872 3946 906 4001 T.
923 3944 958 4000 V.
982 3963 1008 4015 p.
1021 3944 1112 4015 490),
1346 4011 1352 4025 .
1455 3966 1461 3971 ·
1659 4014 1665 4027 ι

223 4037 322 4091 quaere
335 4017 365 4073 iu
377 4018 445 4096 Epp.
460 4016 582 4072 Lutberi.
1231 4012 1316 4087 Epist.
1333 4011 1382 4069 ht.
1397 4011 1433 4070 ll.
1449 4031 1478 4087 p.
1489 4013 1542 4069 2³9
1554 4032 1597 4086 eq.
1611 4013 1689 4084 (edo.
1702 4013 1795 4073 Lond.
1809 4013 1859 4071 lib·
1872 4014 1912 4074 ll.
1931 4035 1975 4091 ep.
1985 4017 2070 4089 m).

1304 4148 1360 4230 D.
1385 4147 1587 4248 Georgia
1611 4145 1782 4251 Principi
1800 4153 1842 4224 in
1856 4149 2022 4234 Ankale.

120 4304 188 4375 No·
201 4302 315 4379 2537·
944 4309 1003 4370 21,
1017 4298 1102 4382 Aug.
1165 4265 1207 4357 S.
1226 4280 1271 4360 D.
1309 4283 1457 4356 Utinam
1473 4282 1573 4373 Deus,
1586 4285 1644 4354 det
1659 4283 1854 4377 posteritati
1870 4287 2069 4379 sapientes,
2089 4289 2142 4359 bo·

130 4398 302 4430 »ουν
796 4453 804 4469 ,
936 4390 1108 4422 '⁴⁹⁴⁹
1165 4411 1250 4471 nos,
1274 4386 1404 4473 iustos,
1427 4387 1545 4473 sortes,
1571 4398 1606 4455 et
1620 4385 1737 4456 felices
1753 4386 1951 4479 principes,
1977 4390 2063 4485 quia
2075 4415 2144 4485 pro-

403 4453 551 4536 ῙθαθῘῑ·
582 4448 841 4535 cameram·
1166 4492 1255 4560 fecto
1270 4510 1393 4579 magna
1407 4511 1526 4558 rerum
1542 4483 1779 4559 humanarum
1797 4490 1949 4560 mutatio
1969 4491 2144 4582 impendet

190 4632 277 4704 Epist.
290 4631 477 4690 ad'csmerar.
496 4631 588 4702 peut
599 4649 640 4701 ,ψ
660 4628 718 4697 (ed.
729 4627 821 4683 Lond.
834 4627 884 4682 tv.
903 4624 1041 4698 φη),
1167 4590 1239 4663 Sed
1258 4603 1298 4660 ut
1318 4589 1463 4659 Ascanii
1487 4591 1595 4660 vestri
1624 4589 1687 4657 diu
1712 4588 1885 4661 divinitus
1911 4594 2044 4663 servati
2066 4606 2144 4676 sunl,

1167 4706 1201 4762 et
1218 4692 1348 4762 virtute
1364 4689 1486 4762 multis
1507 4689 1803 4761 antecelluerunt:
1829 4690 1879 4775 ita
1907 4706 1994 4786 opto
2017 4708 2057 4765 ut
2076 4719 2144 4787 per.

123 4782 286 4862 01071'55·
316 4798 347 4859 ⁶⁸
375 4800 446 4887 ‘’Pl-
473 4788 551 4859 ⁰37⁰
578 4778 819 4857 Ῑῠθθῇἷῑηθ
841 4776 1116 4855 (ῙΜΜΜΓῘΟ
1166 4806 1272 4885 petuo
1304 4805 1488 4863 serventur
1508 4806 1544 4865 et
1568 4791 1700 4864 virtute
1720 4774 1800 4860 siliis
1821 4794 2049 4870 antecellant.
2101 4794 2145 4867 De

303 4887 575 4985 Bambcrgensi
584 4887 703 4957 amico
723 4909 791 4956 suo
808 4884 934 4956 caries.
1167 4906 1389 4986 praeceptore
1404 4917 1506 4986 saepe
1529 4917 1667 4963 meeum
1693 4892 1832 4963 locutus
1853 4908 1908 4967 est
1929 4895 1988 4967 vir
2008 4898 2145 4991 optimus

123 5006 168 5098 S,
195 5026 242 5103 Ι),
294 5027 408 5099 video
428 5027 551 5098 laetari
571 5026 698 5114 vulgus
721 5024 825 5113 pulso
848 5015 970 5116 5110¹)‚
995 5033 1030 5091 et
1053 5042 1116 5111 ego
1166 4994 1211 5071 D.
1226 4987 1409 5089 Georgius
1422 4986 1681 5082 Forchcmius,
1705 5006 1739 5066 ct
1751 4996 1939 5088 sperabam
1955 5024 2073 5070 eoram
2091 5021 2145 5069 uos

121 5127 201 5201 Deo
232 5146 375 5202 aeterno
405 5129 495 5224 patri
524 5124 722 5198 liberatoris
743 5123 856 5195 nostri
880 5120 961 5194 lesu
981 5116 1116 5193 Christi

161 5339 186 5403 ¹)
208 5332 327 5393 ilenrico
350 5338 503 5393 Brunswic.
527 5337 601 5395 vieto
617 5355 631 5390 a
647 5330 818 5403 Landgrario
837 5339 865 5384 et
886 5329 965 5385 Duce
986 5328 1116 5386 Seroniee
1199 5313 1233 5381 ἶ)
1248 5312 1370 5368 Elecior·
1405 5314 1437 5369 C·
1452 5312 1510 5369 W·

184 5425 272 5448 ’Μ’
283 5406 452 5469 Gestarum.
1200 5397 1228 5467 3)
1248 5395 1470 5453 Woltenteuet.
