4522 5752
101 185 187 273 sos
419 172 423 186 '
673 184 1110 301 artsromauu
1160 185 1398 269 amun
1448 185 1581 270 ιιιι.
2070 139 2215 269 σοι’

102 382 140 441 at
158 367 325 461 amplecti
349 365 487 439 velint..
525 360 703 453 Quocirca
725 363 922 456 'optandum
944 374 1014 448 est,
1052 375 1103 447 nt,
1153 357 1190 431 a'i-
1210 360 1298 455 qoid
1321 365 1422 437 recte'
1439 387 1481 437 ac
1502 362 1561 455 pie
1582 365 1903 438 determinaretur?
1950 363 2042 445 Nam
2060 367 2148 441 seri-

102 492 340 565 qnaecunque
355 468 518 549 nationes
539 460 675 537 Christi
693 488 826 537 nomen
845 465 979 557 pariter
998 466 1101 535 invo-
1154 462 1224 534 bia:
1250 463 1432 559 quicquid.
1484 463 1587 556 Quae
1602 481 1722 539 eontra
1740 465 1924 541 Christum
1944 470 2001 539 vel
2024 469 2064 539 in
2087 492 2148 561 ge-

102 584 205 657 nant,
231 571 271 641 iu
292 594 403 643 unam
418 569 595 663 synodum
610 567 796 639 commode
811 567 1043 653 conveniant,
1068 583 1101 639 et
1153 566 1374 638 neralisaimo
1404 567 1558 638 concilio
1584 571 1749 641 conclusa
1777 572 1928 655 suerint,
1966 570 2028 640 illa
2053 585 2147 643 certe

101 672 288 747 communi
309 671 460 743 consilio
486 672 531 741 de
554 660 778 760 repurganda
802 668 964 741 doctrina
988 683 1023 739 et
1046 692 1100 739 sa·
1152 666 1272 748 nulla,
1310 667 1413 740 irrita
1438 683 1472 740 et
1494 671 1615 740 inania
1639 686 1740 759 aunt3
1781 687 1817 743 at
1838 697 1930 766 quae
1951 673 2146 773 secundum

100 790 367 847 crementorum
382 771 691 845 administratione
703 772 971 865 revocandoque
994 771 1101 840 disci·
1151 769 1311 839 verbum·
1329 770 1466 859 domini
1493 773 1551 842 vel
1576 773 1734 863 privatus
1755 775 1884 868 aliquis
1906 775 2039 845 nedum
2060 797 2146 869 pro·

99 874 206 971 plina
219 875 418 948 deliberent
439 888 473 946 et
486 885 663 951 statuant,
702 869 794 943 Nam
815 872 947 942 eisdem
966 873 1100 966 ubique
1151 870 1289 940 vinciae
1313 884 1375 942 aut
1396 873 1554 943 nationis
1576 876 1726 957 alicuius
1754 877 1946 947 concilium
1974 874 2146 959 statuerit,

100 978 240 1049 morbis
263 977 463 1060 laboratur,
505 989 540 1046 et
561 987 612 1045 est
631 973 794 1045 omnium
820 975 1013 1059 electorum
1032 973 1099 1044 Dei
1151 994 1192 1040 ea
1206 973 1294 1042 adeo
1310 996 1385 1043 non
1401 975 1521 1061 nulla,
1553 1000 1626 1046 non
1644 977 1744 1049 irrita
1759 992 1821 1048 aut
1840 978 1961 1048 inania
1983 1000 2056 1047 esse
2074 1001 2146 1049 un·

95 1072 176 1155 'nna
196 1078 301 1165 fides,
341 1102 413 1149 uua
438 1074 615 1160 Ecclesia,
646 1088 687 1146 ut
710 1089 896 1147 estunam
917 1077 1100 1167 baptisma,
1151 1087 1461 1166 quampoterunt,
1494 1090 1536 1147 ut
1550 1079 1688 1149 coelum
1703 1093 1737 1151 et
1752 1093 1881 1150 terram
1900 1082 2000 1173 prius
2013 1079 2145 1150 immu-

99 1190 176 1252 nn'a
193 1175 329 1251 Christi
351 1180 533 1272 professio.
584 1172 752 1249 Attamen
775 1178 805 1246 si
826 1177 916 1247 aliae
937 1179 1099 1248 nationes
1151 1174 1219 1244 tari
1239 1189 1417 1268 oporteat,
1443 1203 1550 1271 quarn
1574 1204 1612 1249 ea
1636 1182 1767 1253 mutari
1789 1182 1925 1274 possint
1947 1194 2010 1252 aut
2034 1181 2155 1254 inter,
2205 1241 2208 1245 .

100 1282 161 1353 vel
184 1277 439 1351 noudum-huc
468 1292 653 1351 vocantem
681 1279 868 1349 domiuum
898 1281 1098 1363 exaudiant,
1150 1274 1278 1351 cidere.
1336 1275 1425 1349 Tam
1447 1280 1559 1350 multa
1584 1282 1671 1351 olim
1695 1306 1758 1374 per
1779 1283 1973 1354 nationalia
1994 1282 2145 1353 eoncilia

100 1383 161 1453 rel
178 1384 279 1476 sequi
294 1406 401 1478 quern
416 1383 569 1453 audiunt
582 1381 721 1464 nolint,
747 1381 897 1450 debetne
919 1381 956 1449 id
976 1394 1011 1451 et
1032 1390 1098 1451 nos
1149 1376 1189 1447 in
1204 1376 1326 1473 Syria,
1352 1375 1519 1467 Graecia,
1542 1377 1717 1473 Aphrica,
1742 1382 1865 1468 ltalia,
1890 1382 2009 1457 Gallia
2027 1397 2061 1455 ιι
2075 1380 2144 1452 Hi-

100 1485 297 1569 remorari,
323 1507 369 1554 ne
386 1486 431 1553 de
446 1484 689 1574 cognoscenda
713 1494 747 1552 et
767 1482 946 1574 sequenda
967 1483 1098 1552 volun·
1149 1480 1273 1569 spania
1288 1492 1409 1551 contra
1423 1482 1561 1553 furores
1577 1481 1677 1570 Arii,
1700 1483 1985 1572 Donatistarum,
2010 1483 2143 1575 Pelagii

100 1598 177 1675 tate
198 1582 348 1656 Domini
376 1588 519 1655 tandem
547 1583 822 1675 conveniamus?
879 1579 982 1653 Nilril
1003 1585 1097 1653 enim
1149 1593 1184 1651 ιι
1209 1581 1363 1653 aliorum
1396 1576 1655 1657 haereticorum
1686 1588 1903 1659 sanctissime
1934 1589 2071 1663 decreta
2097 1586 2142 1655 de

99 1687 404 1770 normn'inierre,
435 1688 497 1757 sed
518 1687 614 1780 quod
638 1697 689 1754 est
710 1684 881 1756 traditum
902 1684 1098 1778 antiquitus
1148 1682 1308 1753 moribus
1337 1679 1517 1756 Ecclesiae
1554 1687 1787 1761 saluberrime
1822 1688 2014 1760 constituta
2046 1700 2141 1773 suut,

97 1784 282 1880 reperere,
321 1783 414 1858 nihil
442 1784 796 1858 nostraauctoritate
824 1798 996 1871 statuere,
1034 1788 1094 1855 sed
1148 1807 1235 1855 eane
1247 1783 1345 1883 dices
1360 1798 1399 1857 tu
1413 1787 1532 1875 nulla,
1551 1787 1653 1860 irrita
1669 1803 1706 1861 et
1719 1790 1841 1863 inania
1857 1790 1988 1862 inisse?

101 1912 229 1959 rursus
263 1889 427 1981 amplecti
460 1889 620 1980 cupimus
654 1888 750 1980 quod
781 1887 903 1959 statuit
928 1901 963 1959 et
987 1888 1098 1959 edixit
1637 1892 1639 1897 ’

100 1985 269 2062 Christus
294 1992 340 2062 ab
369 1991 491 2076 initio,
522 1992 690 2084 qnodque
719 1990 806 2057 adeo
834 1990 1094 2059 observandum
1248 1979 1368 2080 Atque
1381 1986 1536 2059 alienum
1550 1992 1708 2082 prolecto
1724 2007 1758 2064 et
1780 1995 1826 2064 ab
1848 2004 1961 2064 aetate
1984 2004 2021 2063 et
2041 2015 2061 2061 a
2083 2013 2140 2061 sa·

101 2086 288 2183 Apostoli,
327 2090 503 2186 Martyres
532 2104 567 2160 et
587 2090 625 2164 S.
649 2089 770 2160 Patres
797 2089 1018 2175 iudicarunt,
1056 2103 1097 2160 ut
1147 2086 1281 2179 pientia
1296 2103 1356 2160 tua
1370 2106 1432 2177 est,
1459 2094 1555 2184 quod
1569 2090 1777 2165 Pontificem
1794 2109 1898 2187 eaput
1912 2090 2090 2165 Ecclesiae
2106 2082 2141 2163 et
2254 2179 2257 2184 Ι

99 2188 291 2265 anathema
313 2188 486 2264 haberent
506 2193 612 2263 etiam
636 2192 801 2281 angelum
821 2193 864 2260 de
886 2193 984 2261 coelo
1010 2214 1095 2263 eon,
1147 2190 1381 2261 conciliorum
1401 2193 1577 2267 nominas.
1627 2192 1793 2267 Delatum
1811 2196 1955 2289 quidem
1976 2195 2064 2264 olim
2088 2207 2141 2263 est

100 2294 235 2364 vellere
248 2294 387 2387 aliquid
405 2296 449 2363 de
471 2318 512 2363 eo
536 2293 759 2377 molientem,
787 2305 822 2361 et
843 2293 951 2362 vitam
974 2308 1097 2387 tyran·
1147 2291 1222 2359 sedi
1240 2288 1444 2379 Romanae,
1478 2318 1559 2363 eum
1584 2294 1622 2362 in
1646 2320 1683 2365 ea
1708 2296 1784 2366 veri
1806 2296 1904 2367 Petri
1925 2318 2139 2366 successores

100 2394 161 2465 nis
184 2419 292 2488 quam
313 2396 371 2464 vel
397 2395 572 2487 apiculam
595 2397 639 2465 de
662 2417 702 2462 eo
726 2392 891 2485 cuiquam
915 2395 1096 2464 remittere
1147 2393 1327 2478 sederent,
1359 2410 1399 2466 ut
1421 2395 1535 2486 prima
1560 2410 1667 2481 esset,
1699 2411 1734 2469 et
1748 2395 1925 2491 Episcopo
1943 2395 2069 2487 Rom,
2099 2409 2139 2489 ut

100 2496 262 2568 mallent.
312 2494 420 2566 Decet
439 2494 583 2591 quidem
600 2495 873 2588 quodomnium
891 2495 1036 2566 interest
1052 2496 1096 2566 ab
1147 2493 1241 2562 inter
1256 2491 1471 2585 patriarchas
1487 2498 1728 2588 praerogativa
1745 2494 1959 2570 authoritate
1972 2498 2137 2590 polleret:

101 2597 272 2669 omnihus
286 2598 469 2669 constitui:
500 2610 557 2683 at,
587 2597 618 2665 si
640 2595 703 2665 alii
723 2595 859 2681 nolint,
889 2596 1024 2665 nemini
1042 2610 1096 2667 ta-
1146 2606 1182 2671 at
1203 2608 1309 2685 caput
1336 2611 1500 2669 vocatum
1521 2595 1697 2669 Ecclesiae
1718 2613 1752 2670 et
1776 2591 2021 2671 Conciliomm
2043 2599 2138 2691 apud

100 2700 189 2769 'rnen
210 2700 259 2769 ob
282 2699 321 2769 id
342 2699 463 2770 licebit
485 2702 603 2769 deesse
625 2697 742 2768 officio
764 2720 847 2781 suo,
879 2699 1096 2790 quod‘debet
1147 2719 1254 2788 quem
1268 2720 1446 2790 unquam,
1475 2709 1510 2768 te
1530 2723 1680 2792 quaeso,
1703 2698 2001 2792 Patrumlegistl?
2040 2697 2136 2790 Ergo

102 2799 285 2873 Servatori
310 2823 374 2871 suo
395 2814 429 2870 ιι
442 2797 619 2870 Ecclesiae
633 2796 717 2868 Dei:
752 2799 887 2868 nemini
909 2799 1095 2889 negligere,
1146 2820 1192 2864 ne
1205 2795 1272 2867 ista
1287 2793 1403 2869 adhue
1417 2801 1456 2869 in
1472 2812 1569 2875 tanta
1583 2797 1770 2891 Evangelii
1785 2804 1863 2874 luce
1878 2803 2039 2873 omnium
2058 2801 2138 2871 ani-

102 2903 201 2997 qnod
221 2902 388 2972 dominus
405 2903 561 2971 iniunxit
575 2901 763 2984 omnibus,
794 2913 830 2970 et
849 2899 926 2970 sine
947 2924 1018 2992 quo
1036 2924 1096 2969 re-
1146 2920 1223 2967 mos
1240 2911 1273 2968 et
1290 2901 1521 2971 conscientias
1536 2914 1609 2972 tam
1625 2904 1751 2974 aeriter
1766 2905 1915 2976 feriente
1928 2904 2055 2974 iactare
2072 2927 2138 2971 au-

100 3001 213 3075 tineri
232 3004 344 3092 gratia
367 3001 436 3073 Dei
455 3026 529 3072 uon
551 3014 677 3094 potest.
741 2999 848 3072 Nulla
874 3001 970 3071 euim
998 3014 1094 3074 tanta
1145 2998 1259 3069 dctis?
1307 2997 1472 3073 Christus
1487 3027 1581 3073 unus
1596 3017 1631 3074 et
1651 3006 1747 3075 solus
1762 3002 1940 3087 Ecclesiae
1962 3012 2065 3097 eaput
2087 3018 2138 3074 est

102 3099 374 3197 interhomiues
390 3104 536 3175 societas
551 3116 773 3194 essepotest,
801 3116 845 3174 nt
863 3102 908 3175 sit
927 3101 1094 3195 cuiquam
1146 3112 1179 3169 et
1205 3115 1325 3172 manet
1354 3103 1393 3172 iu
1425 3118 1624 3190 aeternum;
1663 3103 1797 3177 Paulus
1820 3120 1958 3192 autem,
1992 3102 2137 3198 Apollo,

101 3228 208 3277 cansa
239 3205 417 3276 sociorum
448 3206 683 3276 offendendus
709 3202 806 3275 Deus
837 3217 871 3275 et
895 3204 1095 3274 abiicienda
1144 3197 1283 3293 Cephas
1295 3201 1451 3275 ministri
1467 3202 1645 3276 Ecclesiae
1659 3219 1754 3281 sunt.
1803 3203 1852 3279 Et
1873 3221 1913 3279 tu
1935 3220 2007 3279 tam
2031 3206 2137 3277 dissi-

99 3307 176 3378 vita
199 3319 353 3381 aeterna.
411 3305 510 3377 lstud
534 3321 650 3377 autem
674 3329 743 3375 nos
764 3318 860 3376 certo
889 3307 1094 3391 faceremus,
1145 3301 1264 3371 milem
1279 3299 1337 3373 bis
1351 3298 1534 3376 hominem
1549 3319 1695 3399 propter
1707 3319 1916 3400 usurpatum
1935 3307 2081 3391 uratum
2103 3319 2138 3377 el

100 3406 133 3479 si
153 3409 195 3478 in
212 3409 381 3479 confessis
398 3409 566 3480 abusibus
580 3422 614 3480 et
630 3407 728 3478 vitiis
743 3431 966 3501 perseverare
985 3408 1094 3477 velle·
1144 3405 1399 3475 successionem
1416 3407 1509 3477 sedis
1522 3403 1664 3500 Cephae
1678 3423 1783 3501 caput
1796 3404 1975 3480 Ecclesiae
1991 3423 2025 3480 et
2037 3404 2137 3489 Cou-

98 3532 184 3581 mns
203 3522 405 3602 propterea,
443 3512 538 3605 quod
565 3510 655 3580 aliae
677 3510 839 3581 nationes
861 3503 992 3580 horum
1014 3532 1094 3578 cor·
1144 3498 1309 3578 ciliorum
1328 3507 1443 3579 faeere
1463 3509 1599 3580 audes?
1629 3510 1800 3597 maxime,
1832 3536 1912 3582 cum
1933 3512 2021 3581 adeo
2042 3505 2136 3578 nihil

96 3611 315 3695 rectionem,
354 3613 411 3681 vel
439 3635 501 3681 sua
528 3610 587 3681 vel
610 3610 762 3682 aliorum
786 3623 848 3683 aut
871 3609 1093 3700 ignoratione
1139 3606 1263 3688 abeo,
1289 3611 1386 3701 quod
1401 3612 1459 3681 vel
1470 3609 1712 3681 ministerialis
1729 3611 1853 3705 eapitis
1867 3612 1932 3698 sit,
1952 3613 1997 3682 ad
2011 3608 2137 3683 Eccle-

96 3713 368 3804 autcupiditate
385 3713 590 3804 impeditae,
613 3712 811 3786 differrent.
857 3710 1011 3783 Possunt
1024 3711 1092 3800 igi·
1143 3706 1213 3778 sias
1236 3726 1436 3800 perananet,
1465 3714 1527 3782 sed
1548 3714 1725 3784 contraria
1749 3714 1881 3790 omnia.
1936 3710 1985 3785 Et
2007 3715 2047 3784 in
2069 3709 2137 3783 hae

95 3827 161 3885 tur
182 3813 260 3884 iure
284 3837 324 3884 ac
345 3815 476 3884 debent
499 3813 617 3884 officio
640 3825 674 3883 et
691 3811 866 3885 Germani
886 3826 921 3883 ιι
943 3813 1093 3907 quilibet
1143 3809 1218 3903 ipsa
1239 3834 1344 3881 causa
1367 3814 1450 3884 vide
1473 3838 1579 3908 quam
1603 3815 1695 3899 male
1719 3815 1842 3886 laudes
1863 3831 1964 3887 tuum
1985 3814 2136 3887 Pontifi-

93 3915 164 3987 alii
194 3916 338 4007 populi,
382 3916 593 4010 simulatque
623 3914 759 4007 aliquid
790 3916 830 3983 iu
860 3914 1092 4006 religionibus
1143 3936 1232 3985 cern.
1281 3908 1418 3984 Namsi
1441 3916 1686 3986 molestissime
1708 3917 1843 3988 laturus
1866 3931 1936 4003 est,
1969 3918 1998 3986 si
2022 3917 2078 4009 pia
2101 3929 2137 3985 et

95 4018 197 4108 apud
213 4039 251 4085 se
265 4017 427 4087 vitiatum
444 4015 694 4107 cognoverint,
716 4039 823 4110 quam
839 4015 995 4106 primum
1011 4040 1090 4087 eum
1145 4013 1337 4084 necessaria
1352 4014 1392 4085 in
1409 4031 1528 4088 nostra
1546 4017 1690 4087 natione
1704 4021 1860 4113 synodus
1875 4013 2064 4103 habeatur,
2085 4016 2134 4093 ita

94 4117 379 4213 provincialibus
393 4132 470 4189 tum
491 4117 735 4188 nationalibus
755 4117 918 4210 synodis,
949 4131 984 4187 et
1003 4142 1092 4209 qua·
1143 4126 1185 4184 ut
1198 4112 1399 4185 institutum
1416 4130 1485 4203 est,
1509 4118 1554 4187 ad
1577 4143 1682 4211 quam
1705 4144 1781 4188 rem
1806 4140 1930 4209 urgere
1952 4120 2013 4188 ille
2034 4142 2135 4189 cum·

92 4242 244 4312 cunque
263 4222 406 4291 dentum
432 4220 488 4290 via
509 4234 544 4290 et
558 4219 696 4289 ratione
714 4218 940 4288 commodius·
952 4232 1092 4310 queant,
1143 4213 1267 4304 primis
1282 4216 1452 4303 debebat,
1484 4242 1577 4289 anne
1593 4244 1760 4312 quaerere
1775 4223 1910 4305 studet,
1939 4221 2029 4315 qu‘ae
2052 4241 2135 4290 oves

92 4333 143 4391 nt
156 4320 192 4390 id
210 4333 372 4405 sanetur,
402 4333 437 4391 ιι
459 4320 496 4389 iu
510 4316 678 4391 Ecclesiis
692 4318 964 4397 omniasineera
981 4331 1016 4388 et
1032 4318 1090 4387 in·
1142 4310 1277 4386 Christi
1299 4317 1530 4407 aberrarunt,
1570 4320 1729 4411 obligare
1752 4346 1841 4416 quae
1862 4322 1997 4416 aliquid
2022 4323 2135 4411 frege-

92 4436 196 4511 tegra
218 4422 292 4494 sint
314 4434 349 4491 et
371 4435 646 4505 conserventur,
680 4443 855 4493 summam
878 4442 1000 4491 curam
1024 4418 1092 4489 im-
1142 4415 1254 4488 runt?
1286 4419 1512 4507 confirmare,
1544 4445 1633 4514 quae
1658 4423 1793 4493 debiles
1816 4423 1922 4494 sunt?
1972 4422 2043 4494 Sed
2058 4446 2136 4492 me-

96 4524 265 4617 pendere.
314 4520 395 4593 lloc
412 4537 447 4594 ιι
462 4523 555 4593 veris
564 4517 604 4618 ')
618 4519 825 4592 Canonibns
840 4520 891 4591 ita
905 4520 1091 4605 sancitum,
1142 4542 1278 4588 morem
1298 4543 1496 4598 monemus,
1557 4520 1734 4593 Dominus
1759 4522 1855 4595 lesus
1878 4523 2051 4615 largiatur
2072 4538 2134 4599 aut

93 4638 134 4695 et
155 4648 176 4695 a
197 4624 327 4695 sanctis
346 4624 434 4697 olim
455 4622 621 4695 Patribus
642 4622 843 4713 religiosiss.
865 4624 1090 4694 observatum
1142 4620 1244 4690 vohis
1269 4621 1338 4690 alia
1368 4625 1551 4694 consulere
1580 4638 1642 4694 aut
1668 4626 1816 4707 nostris,
1855 4650 1905 4695 ne
1928 4627 1993 4697 ista
2017 4639 2133 4697 vestra

96 4740 164 4801 ιιι.
214 4724 317 4815 Quae
338 4750 419 4796 cum
438 4750 513 4796 non
530 4726 690 4816 ignores,
715 4714 939 4804 Caularem,
966 4725 1091 4794 admo·
1141 4721 1288 4792 consilia
1314 4739 1522 4817 sequantur:
1557 4726 1811 4821 confirmetque
1836 4751 1914 4809 eos,
1946 4741 2004 4814 nt,
2035 4728 2133 4823 quod

96 4830 186 4901 dum
208 4828 307 4898 dolet
329 4827 453 4912 uobis,
484 4829 581 4921 quod
605 4826 759 4900 seribere
782 4825 849 4897 tibi
869 4824 1089 4916 permiseris:
1141 4822 1199 4914 pie
1222 4837 1256 4893 et
1271 4827 1471 4897 necessario
1492 4841 1772 4920 proposuerunt,
1802 4829 1840 4898 id
1864 4829 1970 4901 etiam
1992 4830 2133 4900 fortiter

95 4929 318 5025 quiequidin
328 4929 483 4999 nationis
493 4928 776 5023 nostraesynodo
786 4926 1090 5012 determinaretur,
1140 4925 1339 5015 perficiant,
1370 4941 1411 4999 ut
1429 4932 1572 5000 taudem
1594 4922 1701 4999 huius
1724 4930 1881 5035 nationis
1902 4944 2023 5001 saneto
2046 4953 2133 5001 eon·

97 5031 135 5103 id
153 5032 314 5101 futurum
331 5030 493 5117 nullum,
527 5031 669 5101 irritum
691 5042 725 5100 et
747 5027 864 5102 inane.
913 5025 1090 5114 Etiamne,
1141 5025 1224 5096 cilio
1240 5022 1410 5098 Ecclesiis
1423 5030 1553 5102 nostris
1567 5043 1602 5100 et
1616 5030 1764 5100 idoneos
1776 5032 1978 5116 ministros,
2008 5044 2043 5103 et
2064 5055 2154 5122 pu-·

1140 5136 1218 5196 ram
1233 5127 1449 5213 doctrinam,
1483 5146 1519 5203 et
1534 5154 1653 5200 veram
1671 5148 1969 5227 sacramentorum
1989 5131 2132 5224 dispeu-

1140 5227 1313 5299 sationem
1335 5233 1594 5326 salutaremque
1616 5232 1840 5324 disciplinam
1862 5234 2045 5304 restituere
2068 5257 2135 5301 an-
2175 5312 2189 5340 κ

94 5229 306 5249 *nu-—

128 5362 342 5438 *ιυιιιιιιιιιι
496 5346 499 5350 '
942 5300 945 5305 Ι
1140 5330 1311 5409 nitantur.
1359 5331 1451 5405 Nam
1466 5360 1486 5405 a
1501 5333 1621 5410 Roma
1642 5334 1729 5428 quid
1752 5336 2007 5428 expectandum
2027 5335 2135 5419 nobis
