4536 5754
119 133 167 281 tt
604 182 608 195 '
677 197 1114 338 nrrsronrnuu
1164 201 1411 295 mauu
1458 201 1596 301 ιιιι.
2104 206 2156 305 q

119 378 309 450 alormula
325 374 529 468 Hagenoica
548 376 754 462 deduceret,
776 399 935 451 asserens
951 398 1110 451 commo-
1156 390 1350 470 cupantur,
1388 402 1540 472 cumque
1565 379 1638 472 iam
1662 392 1755 453 esset
1777 377 1908 451 nostris
1933 390 1977 449 ut
2003 377 2153 477 ederent⁸

117 482 199 553 dius
222 482 268 550 ad
295 479 478 550 veritatem
498 478 737 568 indagandam
766 481 867 551 etad
896 479 1114 551 celeritatem
1154 481 1449 573 proponendum,
1470 504 1535 551 nos
1552 476 1911 576 theologosquoque,
1943 483 2034 574 quos=
2045 493 2151 577 auten

117 573 251 674 negotii
267 584 362 667 fore,
385 596 427 653 ut
440 581 571 652 arctius
586 580 822 675 colloquium,
846 605 976 675 nempe
989 583 1108 655 utriu-
1155 583 1402 672 neglexerunt,
1426 576 1681 671 adhibuerunt,
1704 596 1746 654 ut
1761 572 1881 657 rerum¹
1897 581 2013 673 ignari
2026 572 2150 675 subito

118 709 187 782 que
208 686 316 755 trium
333 698 472 755 tantum
495 682 751 759 institueretur.
799 682 923 755 Nostri
942 697 1109 754 constan·
1155 684 1425 770 assentiremur,
1459 685 1588 773 deinde
1620 685 1725 778 culpa
1755 686 1796 755 in
1824 694 1893 756 nos
1917 683 2150 779 derivaretur,
2185 748 2190 757 .

116 802 172 858 ter
184 801 401 867 recusarunt,
426 787 535 880 idque
551 785 748 878 aliquoties,
773 809 856 855 nam
871 810 937 855 nos
952 810 1027 857 nou
1042 789 1107 857 ad·
1154 785 1320 876 Pingitur
1334 787 1430 855 enim
1448 782 1542 857 nihil
1557 787 1596 857 in
1608 782 1677 859 hoc
1692 787 1834 879 negotio
1848 786 2164 877 concludendum„

116 886 341 963 bibebamur.
392 887 555 958 Tandem
570 912 610 956 eo
626 901 849 973 ventumest,
876 902 1106 980 utpropone-
1155 889 1224 957 nisi
1243 884 1435 977 Theologis
1450 891 1550 979 prius
1570 891 1712 964 auditis.
1764 887 1934 969 labemur
1947 888 2066 982 itaque
2090 884 2159 985 in7.

115 1006 215 1064 retur
245 1015 340 1061 nova
370 991 526 1061 formula
557 990 663 1059 nobis
694 1013 836 1083 quoque
865 992 1107 1081 praesentibus
1155 1005 1208 1061 ter
1226 1015 1293 1060 nos
1307 991 1474 1083 colloqui.
1526 989 1597 1065 Fit.
1647 990 1826 1063 Dicuntur
1847 989 2043 1061 sententiae
2059 1013 2148 1059 cou-

115 1090 216 1190 (nam
241 1118 261 1162 a
282 1092 412 1162 nostris
432 1087 691 1161 adhibebamur
713 1115 789 1160 non
813 1089 889 1160 sine
911 1116 1035 1179 causa,
1068 1107 1108 1164 ut
1155 1093 1282 1164 traciae
1306 1092 1449 1162 illorum
1474 1093 1655 1181 practicis,
1691 1117 1820 1187 eaeque
1842 1088 1988 1183 optimis
2011 1105 2047 1161 et
2066 1084 2152 1183 gra-¹

114 1208 196 1288 post
212 1191 432 1292 intelligetis)
447 1217 572 1284 nempe
588 1207 628 1264 ut
641 1194 808 1263 undecim
823 1194 967 1287 quidem
986 1208 1108 1281 status,
1154 1195 1308 1263 vissimis
1335 1193 1536 1264 rationibus
1565 1195 1744 1280 munitae,
1775 1217 1862 1289 quas
1885 1207 1919 1263 et
1942 1184 2146 1290 Philippus

115 1298 206 1368 sicut
221 1311 323 1367 antea
340 1308 571 1380 convenerat,
595 1294 774 1387 colloquio
789 1295 1018 1382 interessent,
1045 1299 1106 1367 sed
1154 1296 1322 1365 admirari
1342 1320 1378 1365 se
1394 1296 1593 1382 simulabat.
1645 1295 1791 1368 lubetur
1805 1319 1862 1365 cas
1875 1292 2041 1367 Dominis
2061 1319 2147 1388 pro·

113 1422 210 1469 arnus
236 1411 375 1470 tantum
404 1398 574 1491 utrinque
602 1397 798 1468 collocutor
826 1397 1107 1485 constitueretur,
1153 1422 1297 1491 ponere.
1356 1396 1452 1468 Tum
1475 1400 1591 1467 bonus
1611 1400 1668 1468 vir
1689 1400 1744 1469 nil
1764 1399 1862 1468 aliud
1883 1396 1955 1466 nisi
1980 1391 2048 1466 hoc
2072 1394 2146 1465 illis

115 1502 178 1595 qui
196 1500 342 1571 nominc
363 1500 524 1594 undique
550 1524 677 1570 vocum
700 1498 922 1593 loqueretur,
953 1515 1063 1594 utque
1086 1525 1105 1571 a
1153 1513 1285 1585 narrat,
1301 1499 1388 1570 duas
1404 1523 1477 1569 esse
1490 1501 1692 1587 sententias,
1707 1524 1816 1570 unam
1831 1490 2062 1590 leniorem*),
2076 1498 2149 1591 sci-¹

113 1603 263 1675 notariis
282 1627 357 1672 non
378 1601 518 1686 omnia,
542 1602 604 1671 sed
627 1603 812 1693 praecipua
830 1615 969 1673 tantum
993 1602 1105 1694 capita
1154 1602 1236 1674 licet
1249 1603 1467 1671 manendum
1485 1602 1525 1671 in
1538 1604 1692 1674 formula
1709 1600 1914 1692 llagenoica
1927 1602 2043 1695 quoad
2068 1598 2148 1669 lieri

114 1729 236 1775 aarum
252 1727 390 1789 rerum,
416 1706 460 1773 de
475 1703 605 1796 quibus
620 1703 715 1773 inter
733 1726 799 1774 nos
813 1705 871 1773 vel
887 1705 1106 1790 conveniret,
1152 1704 1279 1796 possit:
1305 1703 1452 1774 alteram
1467 1703 1665 1791 duriorem,
1691 1699 1799 1794 stetu
1818 1704 1882 1775 turb
1898 1706 1998 1775 attauh
2017 1699 2148 1791 tuubtt,

112 1805 170 1876 vel
192 1804 432 1876 controversia
450 1818 625 1885 maneret,
657 1817 884 1891 notarentur,
917 1819 951 1877 et
972 1807 1003 1878 si
1027 1807 1106 1900 quis
1154 1806 1287 1877 scilicet
1304 1828 1548 1891 necesseesse,
1572 1820 1614 1877 ut
1637 1819 1821 1878 maneatur
1835 1805 1875 1874 in
1898 1805 2054 1875 formula
2068 1801 2148 1877 Ha·

112 1907 293 1978 diversum
321 1907 498 1978 amaiore
521 1918 619 1998 parte
634 1931 780 1976 suorum
797 1903 959 2002 (propter
973 1907 1106 1978 Palati·
1153 1908 1310 1996 gennica.
1360 1904 1493 1977 Causas
1517 1921 1635 1977 autem
1653 1931 1774 1979 omnes
1789 1920 1891 1980 tacet.
1940 1903 2055 1979 Addit
2079 1928 2149 1976 nos

111 2034 198 2094 nos,
223 2007 555 2099 Brandenburgicos
577 2006 805 2079 etClivenses
828 2005 897 2081 hoc
920 2011 1106 2081 inventum
1154 2032 1294 2099 rogare,
1335 2022 1376 2079 ut
1414 2009 1502 2101 ipsi,
1540 2009 1628 2102 quid
1666 2011 1840 2101 optimum
1873 2007 1939 2094 sit,
1977 2020 2147 2082 statuant.

113 2107 206 2208 erat)
229 2110 391 2196 sentiret,
416 2113 447 2182 is
470 2125 587 2202 posset
610 2111 821 2181 sententiam
842 2135 942 2183 suam
966 2113 1106 2204 scriptis
1152 2109 1260 2181 Hunc
1282 2111 1406 2180 dolum
1429 2102 1508 2180 curn
1531 2111 1733 2202 perfecisset
1753 2125 1873 2182 noster
1890 2104 2030 2196 Sinon,
2054 2123 2149 2203 post,

113 2228 252 2286 tantum
266 2211 556 2284 praesidentibus
576 2212 776 2297 insinuare,
800 2236 876 2283 nou
892 2238 977 2284 voce
1000 2227 1107 2285 testa·
1153 2214 1317 2284 simulata
1340 2213 1578 2302 aegritudine,
1604 2214 1649 2283 ad
1667 2238 1743 2284 eam
1759 2212 2053 2283 deliberationem
2070 2235 2148 2281 non

112 2316 162 2400 ri,
187 2338 298 2406 eaque
318 2315 448 2407 scripta
468 2315 506 2384 in
530 2313 694 2383 manibus
718 2312 962 2385 Commissarii
982 2330 1106 2402 essent,
1153 2316 1268 2389 rediit.
1320 2312 1379 2383 llli
1393 2339 1477 2383 vero
1491 2317 1653 2385 nondum
1667 2315 1827 2401 assecuti,
1854 2316 1950 2408 quod
1965 2313 2149 2401 volebant,

112 2442 178 2488 nec
201 2430 383 2506 cogeretur
407 2416 590 2510 cuiquam,
615 2415 687 2484 nisi
710 2417 881 2508 placeret,
907 2419 1107 2489 communi-
1152 2417 1319 2487 reiiciunt
1342 2415 1636 2486 deliberationem
1654 2417 1692 2486 iu
1716 2418 1862 2505 alteram
1884 2415 1990 2486 diem.
2010 2420 2015 2425 ’
2047 2412 2148 2505 Con:

111 2544 211 2604 care,
249 2518 387 2612 aliaque
412 2519 587 2588 nonnulla
614 2541 703 2610 quae
730 2518 769 2587 in
793 2519 948 2589 formula
977 2521 1106 2612 scripta
1152 2519 1297 2617 venitur
1318 2542 1422 2586 mane
1443 2513 1531 2588 hora
1549 2519 1585 2592 6.
1638 2515 1785 2588 lnterim
1803 2512 2041 2587 nihilominus
2059 2540 2149 2587 con-¹

112 2615 475 2713 comprehenduntur.
534 2617 656 2689 Nostri
682 2619 973 2691 deliberationem
1003 2623 1107 2692 insti·
1153 2622 1320 2692 scribitur
1340 2621 1522 2712 responsio
1543 2621 1582 2689 in
1605 2621 1815 2693 senteutiam
1839 2621 2015 2713 peiorem,
2045 2616 2148 2714 quasi

4 2744 15 2759 ·
111 2735 229 2796 tuunt.
281 2715 474 2792 Granvela
498 2721 538 2790 in
563 2721 768 2791 convivium
787 2718 934 2794 adhibet
955 2716 1107 2821 Philip·
1154 2724 1224 2792 iam
1250 2723 1363 2793 securi
1385 2735 1518 2807 essent,
1549 2722 1635 2816 quid
1658 2746 1725 2793 nos
1753 2722 1951 2792 consulturi
1979 2744 2148 2797 essemus.

109 2848 217 2922 pum,
243 2821 582 2895 Vicecancellariurn
605 2822 837 2911 Saxonicum,
869 2837 904 2894 et
926 2820 1104 2895 Iacobum
1152 2819 1328 2895 Doltziclc
1351 2825 1486 2894 bonum
1509 2838 1543 2895 et
1566 2838 1785 2897 constantem
1817 2824 1935 2893 virum
1958 2823 2149 2917 praestitit.

111 2921 338 3005 Sturmium.
365 2949 405 2996 ac
423 2925 541 2995 nescio
566 2948 655 3018 quos
676 2926 778 3000 alios.
826 2924 901 2997 Res
922 2922 1014 2996 mihi
1034 2943 1106 3000 sta-
1154 2928 1291 2998 lnterca
1313 2921 1440 2995 Iacob.
1463 2922 1590 2994 Sturm
1615 2926 1713 2996 domi
1737 2939 1957 3019 persuaserat
1985 2924 2077 3010 suis,
2111 2938 2149 2997 et

109 3029 176 3099 tim
197 3040 373 3119 suspecta,
403 3052 487 3097 narn
511 3039 547 3097 et
566 3019 789 3123 Philippus,
823 3041 864 3098 ut
884 3042 936 3099 est
956 3030 1106 3099 vaferri·
1152 3026 1304 3100 habebat
1319 3030 1358 3097 in
1378 3051 1500 3097 omnes
1514 3028 1662 3097 actionis
1674 3042 1792 3120 partes
1808 3028 1996 3109 idoneum,
2020 3024 2149 3097 simio-

111 3152 210 3215 mus,
234 3152 271 3198 se
294 3152 369 3197 non
388 3130 440 3217 ¹ad
463 3126 730 3198 Granvelanum
755 3129 908 3216 iturum,
941 3133 1003 3201 sed
1025 3131 1105 3201 aliis
1152 3133 1223 3200 lam
1242 3127 1457 3204 Belcarum.
1521 3127 1630 3198 Mane
1658 3143 1932 3222 praeoccupant,
1969 3122 2150 3221 praeben·

111 3233 198 3302 illuc
216 3230 437 3302 euntibusse
459 3254 540 3300 cum
555 3228 913 3320 Norimbergensibus
937 3249 1102 3305 coenatu·
1152 3246 1249 3320 sant,
1272 3233 1334 3302 ille
1350 3232 1499 3311 nobiles,
1526 3224 1584 3299 hie
1600 3225 1800 3321 theologos,
1823 3244 2003 3320 satagunt,
2028 3228 2149 3301 incul-

110 3359 192 3404 rnrn
206 3327 376 3429 (aiebat),
398 3344 565 3404 ettamen
581 3332 680 3401 aliud
697 3334 925 3424 cogitabatur
944 3336 1104 3407 faciebat.
1152 3349 1251 3422 cant,
1282 3346 1404 3418 orant,
1438 3331 1653 3425 promittunt
1675 3328 1770 3402 nihil
1798 3335 1875 3403 fore
1904 3331 2072 3424 periculi,
2104 3343 2149 3403 ut

111 3434 210 3526 Quid
227 3428 418 3504 Grnncela
434 3446 514 3526 post
530 3458 694 3519 coenam,
719 3460 827 3529 qnam
842 3437 999 3508 fatentur
1014 3438 1105 3509 fuis-
1153 3460 1274 3507 omnes
1297 3436 1335 3505 in
1359 3460 1458 3505 suam
1475 3435 1686 3505 sententiam
1703 3430 1921 3528 pertrahant.
1971 3431 2148 3505 Conside-

112 3561 148 3607 se
172 3536 481 3616 iucundissimam,
508 3560 589 3606 cum
612 3536 685 3605 illis
706 3537 846 3608 locutus
866 3538 928 3624 sit,
955 3563 1030 3609 non
1053 3554 1105 3611 est
1153 3553 1228 3625 tur,
1258 3550 1429 3629 rogantur
1454 3537 1675 3629 sententiae,
1713 3537 1870 3629 primum
1902 3560 1922 3605 a
1952 3527 2149 3633 Philippo,

110 3634 220 3709 huius
249 3637 318 3706 loci
341 3660 536 3722 recensere;
570 3650 662 3707 certe
682 3631 885 3735 Philippus
915 3665 1013 3710 more
1040 3665 1103 3711 suo
1153 3642 1216 3736 qui
1257 3643 1302 3709 ad
1344 3634 1412 3709 hoc
1447 3634 1700 3708 semilrorulam
1734 3641 1864 3709 aderat·
1923 3635 2148 3729 Respondet,

111 3732 437 3833 perturbatissimus
464 3752 499 3809 et
524 3739 651 3831 plenus
682 3740 786 3810 sulita
815 3740 1104 3831 pusillanimitate
1152 3767 1280 3836 quaeso
1298 3765 1317 3811 a
1336 3755 1387 3826 te,
1412 3738 1456 3815 D.
1473 3738 1501 3813 l.
1517 3739 1672 3826 Sturmi,
1696 3765 1776 3810 cum
1792 3740 1946 3809 inomni
1964 3736 2145 3811 deliberass

112 3841 289 3925 discessit,
314 3840 445 3934 reliqui
461 3864 602 3934 qnoque
622 3842 785 3933 proximo
808 3843 967 3913 diluculo
988 3844 1029 3913 in
1043 3847 1105 3917 de·
1153 3847 1248 3915 tione
1264 3844 1456 3913 intuendus
1473 3842 1520 3913 sit
1540 3842 1639 3928 finis,
1664 3856 1705 3913 ut
1719 3842 1818 3932 prius
1834 3842 1930 3911 dicas
1942 3835 2034 3910 mibi
2045 3853 2146 3912 tuam

112 3942 322 4013 liberatione
338 3943 387 4012 sic
400 3967 436 4012 se
459 3944 646 4032 gerebant,
669 3956 712 4014 ut
729 3968 834 4014 nemo
851 3969 926 4013 non
949 3946 1105 4029 sentiret,
1152 3947 1380 4030 sententiam,
1411 3968 1457 4012 an
1480 3945 1628 4014 consilia
1653 3944 1692 4013 in
1713 3939 1810 4014 bunc
1832 3943 1939 4013 finem
1961 3942 2034 4013 sint
2052 3942 2145 4011 diri-

111 4069 172 4116 eos
188 4057 343 4116 mutatos
366 4057 401 4112 et
422 4046 690 4114 transformatos
712 4055 796 4120 esse.
849 4043 948 4135 Quid
971 4050 1105 4119 multa?
1152 4052 1285 4139 genda,
1310 4061 1353 4119 ut
1373 4046 1591 4139 colloquium
1610 4048 1813 4117 destruatur
1834 4058 1869 4115 et
1892 4069 1958 4116 nos
1982 4042 2144 4123 discedat

114 4143 245 4219 Oritur
285 4170 419 4227 novum
457 4147 636 4240 quoddam
669 4146 764 4218 inter
795 4159 935 4218 nostros
967 4174 1104 4241 corpus,
1152 4174 1251 4235 mus,
1284 4173 1332 4218 an
1353 4173 1437 4218 vero
1461 4161 1500 4218 ut
1524 4147 1743 4242 colloquium
1765 4146 1957 4240 procedat?
1996 4143 2063 4216 Ille
2086 4169 2145 4217 ac-

112 4251 209 4344 quod
226 4249 264 4317 in
282 4247 537 4318 deliberatione
552 4249 764 4319 contendere
784 4250 954 4336 audebat,
981 4265 1015 4322 et
1036 4252 1105 4321 im·
1152 4268 1250 4344 cepta
1275 4250 1457 4321 occasione
1479 4249 1673 4340 disputavit
1695 4245 1938 4344 sesquihorarn
1969 4248 2043 4318 lere
2070 4271 2144 4317 nou

111 4350 367 4444 pudentissima
382 4351 633 4420 contendebatt
660 4351 856 4440 genuinum
874 4374 1016 4423 sensum
1031 4355 1104 4424 for·
1153 4357 1196 4425 de
1214 4350 1301 4437 hoc,
1328 4354 1425 4447 quod
1442 4352 1621 4445 quaesitus
1643 4365 1735 4436 erat,
1760 4353 1822 4421 sed
1839 4365 1880 4422 ut
1903 4375 2002 4421 suam
2025 4348 2146 4419 omni·

113 4454 231 4522 mulae
243 4449 466 4542 Hagenoicac
482 4452 574 4536 esse,
600 4475 674 4520 rron
694 4466 736 4523 ut
754 4453 919 4522 undecim
934 4455 1104 4549 utrinque
1152 4457 1219 4527 bus
1234 4456 1438 4547 opinionem
1456 4454 1634 4543 probaret,
1659 4453 1833 4547 nobisque
1849 4467 1987 4545 tempus
2002 4448 2145 4522 dicendi

113 4578 177 4625 suo
201 4553 350 4649 quisque
370 4553 496 4623 ordine
516 4554 746 4647 loquerentur
765 4556 803 4623 ln
821 4556 1018 4651 colloquio,
1044 4560 1103 4626 sed
1152 4559 1316 4632 auferret.
1365 4554 1565 4627 Succinunt
1590 4555 1651 4624 alii
1680 4554 1840 4625 eiusdem
1868 4554 2017 4626 farinae.
2066 4549 2146 4625 Ro·

112 4671 154 4726 ut
168 4680 242 4726 uno
262 4666 400 4725 tantum
415 4654 582 4747 loquente
598 4657 763 4727 undecim
777 4669 910 4743 essent,
938 4656 1001 4753 qui
1019 4683 1105 4728 con·
1153 4674 1281 4749 gantur
1296 4661 1438 4730 tandem
1453 4657 1581 4728 iterum
1598 4657 1804 4742 sententiae,
1824 4680 1897 4728 nou
1913 4680 1932 4725 a
1950 4651 2145 4747 Tbeolugis

112 4759 285 4828 saltarent
300 4755 386 4848 quid
409 4756 470 4825 ille
486 4758 602 4827 dicere
618 4758 779 4841 deberet,
805 4772 840 4829 et
856 4759 895 4828 in
912 4755 981 4830 hoc
1001 4757 1105 4831 adbi-
1153 4763 1241 4846 iam,
1264 4772 1592 4853 utcoeptumerat,
1617 4759 1844 4831 sedabaliis.
1894 4754 1968 4829 Ubi
1984 4754 2145 4853 quisquis

113 4860 207 4931 bitos
222 4881 295 4928 esse
310 4857 439 4948 impari
454 4882 623 4943 numeru,
645 4873 687 4933 ut
702 4860 857 4951 plurium
875 4862 1042 4951 suffragia
1066 4864 1104 4933 in
1153 4864 1248 4932 aliud
1266 4889 1372 4957 quam
1380 4858 1545 4934 Sturmio
1562 4861 1758 4944 videbatur,
1774 4860 1926 4941 dicebat,
1951 4858 2145 4929 interrum-

115 4960 345 5033 dcliberendo
362 4960 706 5051 semperviucerent.
767 4960 894 5033 Videte
908 4987 972 5054 per
987 4961 1105 5043 Deum
1151 4948 1319 5058 pebatur,
1344 4964 1593 5035 confutabatur
1615 4975 1650 5032 et
1673 4961 1942 5053 impediebatur.
1992 4950 2146 5058 Philip,

114 5061 366 5146 immortalem,
405 5062 492 5154 quid
525 5085 601 5135 non
633 5065 761 5133 audeat
793 5064 1104 5137 mutabilissimum
1151 5091 1221 5163 pus
1237 5066 1379 5138 interim
1396 5090 1432 5135 se
1447 5066 1680 5148 subduxerat,
1705 5087 1812 5155 pomo
1830 5060 2069 5134 contentionis
2088 5062 2145 5131 iu-

115 5165 266 5246 animal‚
300 5158 418 5232 homo.
478 5161 556 5233 Hoc
577 5163 800 5254 pulmentum
822 5190 902 5235 cum
925 5167 996 5235 iam
1018 5168 1104 5237 olim
1154 5170 1253 5242 iectu.
1303 5167 1389 5238 Post
1411 5167 1602 5260 prandium
1628 5167 1757 5239 iterum
1780 5165 2006 5250 convenitur3
2041 5166 2190 5255 roga-st

115 5267 219 5360 coqui
247 5266 426 5356 inceptum
455 5279 544 5336 esset
574 5288 636 5358 per
665 5266 860 5345 nebulones
891 5269 1062 5360 quosdam
1085 5294 1104 5338 a

116 5369 264 5449 nostris,
290 5367 352 5459 qui
365 5363 523 5437 Caesaris
543 5370 702 5439 levorem
717 5393 781 5462 per
803 5368 855 5439 fas
871 5382 905 5440 et
920 5371 1018 5441 nelas
1041 5395 1104 5441 au·
1187 5397 1215 5462 ι)
1231 5393 1325 5447 suot.
1341 5393 1475 5445 tentarem
1489 5410 1517 5445 ex
1534 5391 1641 5445 mendo.
