4522 5752
94 226 175 307 tu
370 293 378 311 ,
660 214 1096 333 uetsronanutt
1144 210 1389 304 muvnt
1442 164 1572 300 tart}
1691 336 1701 343 η
1838 299 1843 313 ,
2060 216 2135 308 us

90 404 263 501 iuquam
294 403 409 476 otium
436 403 584 478 turbari.
643 394 730 473 Noti
757 413 847 472 -sunt
870 401 941 471 mei
967 422 1093 471 mores.
1144 411 1265 491 aperte
1279 397 1367 469 dicit
1382 399 1562 484 articulus,
1581 413 1744 471 renatum
1761 425 1834 470 non
1848 403 2044 491 satisfacere
2058 406 2138 496 legi,

96 502 287 585 Vereorin
301 501 483 577 haccausa
501 505 577 575 sine
594 503 938 597 cupiditate-aliqua,
963 516 998 572 et
1020 504 1094 571 for·
1146 514 1180 571 et
1201 524 1276 571 non
1297 523 1399 593 posse
1421 499 1459 568 in
1485 494 1550 570 bac
1573 501 1644 572 vita
1661 501 1868 578 satisfacere.
1920 502 2027 591 Item,
2052 509 2137 579 reli-

95 608 485 704 umattquamoptus
501 608 577 689 odii
598 620 633 678 et
653 629 905 675 aerumnarum
926 603 1095 686 sustineo,
1145 626 1256 698 quum
1271 625 1345 672 esse
1359 613 1541 693 peccatum
1563 602 1602 671 in
1627 605 1774 690 sanctis,
1804 619 1839 674 et
1857 609 2037 700 quomodo
2057 611 2137 706 pla·
2204 614 2207 619 ’

94 694 208 803 quim
217 710 417 783 oliimulti.
467 705 644 803 Equidem
657 703 699 803 ²¹)
716 703 863 777 adhibui
882 698 1096 775 moderatio-
1145 718 1220 775 ceat
1234 697 1399 774 inchoata
1421 703 1635 781 obedientia.
1688 703 1793 791 Item,
1817 710 1921 800 quale
1931 705 1973 807 ²⁷)
1995 710 2042 780 sit
2063 736 2138 783 me-

97 834 204 905 nem,
242 835 349 906 quam
371 811 525 882 iudicavi
548 811 673 882 utilem
695 832 768 879 esse
789 822 822 881 et
843 811 889 878 ad
911 808 1093 877 veritatem
1144 806 1275 892 ritum,
1300 806 1397 899 quod
1414 819 1558 901 vocant,
1581 809 1626 883 de
1641 808 1831 897 condigno.
1882 808 1978 883 Haec
1999 835 2137 886 necesse

97 913 364 1005 explicandam,
396 927 432 985 et
448 915 501 985 -ad
522 912 814 1006 tranquillitatem
837 906 1093 980 Ecclesiarum:
1146 922 1198 978 est
1213 908 1317 989 addi,
1350 923 1389 979 ut
1404 908 1564 978 doctrina
1580 932 1661 979 cum
1677 911 1721 979 de
1734 911 1802 980 fide
1818 925 1894 981 tum
1909 915 1953 982 de
1969 917 2136 1006 operibus

97 1013 180 1085 idco
200 1038 308 1106 rogo,
326 1029 380 1105 ut
401 1038 459 1100 ea,
491 1039 581 1110 quae
602 1015 702 1100 dico,
725 1012 930 1083 existimetis
951 1036 1008 1082 me
1032 1011 1092 1103 pio
1145 1022 1240 1080 recte
1256 1010 1482 1100 intelligatur.
1531 1007 1749 1092 †Praeterea
1763 1013 1835 1082 iam
1853 1029 1936 1085 sunt
1950 1012 2008 1086 bic
2024 1019 2137 1091 editae

97 1117 255 1209 quodam
271 1117 390 1188 studio
403 1117 532 1193 dicere.
1031 1174 1037 1187 ,
1146 1113 1406 1204 propositiones
1423 1113 1596 1182 absurdae
1611 1128 1645 1183 et
1660 1114 1838 1200 rabiosae,
1864 1142 1952 1211 quae
1967 1113 2063 1191 hunc
2079 1144 2136 1192 ar.

104 1336 108 1345 ,
164 1249 305 1323 -Nunc
320 1251 401 1346 quia
418 1246 621 1345 rogatis²²),
660 1264 701 1320 ut
724 1249 830 1318 ctiam
854 1249 898 1317 de
921 1246 1015 1316 libro
1039 1243 1095 1313 di·
1145 1214 1827 1309 *iculumdefideal'ffi‘⁰PP¹¹S¹¹³¹¹b”

99 1348 250 1447 (Μ),
274 1377 320 1423 an
337 1354 561 1447 recipiendus
575 1352 643 1423 sit?
676 1364 736 1422 aut
751 1352 930 1445 quomodo
948 1371 1096 1438 respon·
1248 1344 1291 1415 ln
1307 1347 1455 1418 articulo
1473 1349 1518 1417 de
1530 1344 1688 1421 Ecclesia
1710 1352 1941 1436 damnantur,
1972 1350 2054 1451 si²⁸)
2075 1358 2137 1450 qui

98 1456 261 1527 dendum
283 1455 329 1526 sit
345 1451 623 1548 Imperatori²⁴):
656 1453 812 1547 primum
831 1453 960 1522 iterum
976 1462 1096 1534 testor,
1147 1449 1382 1520 discesserunt
1406 1474 1426 1519 a
1450 1446 1625 1544 malis²⁹);
1668 1476 1732 1521 uec
1767 1454 1910 1523 additur
1935 1455 2138 1543 discrimen,

97 1578 157 1647 tue
173 1552 272 1626 nibil
292 1559 530 1650 praescribere
554 1556 644 1629 aliis.
696 1554 751 1626 Sit
772 1578 876 1624 suum
899 1555 1027 1647 cuique
1048 1551 1095 1620 li·
1146 1552 1210 1621 ubi
1225 1552 1423 1638 discedere,
1446 1553 1510 1622 ubi
1523 1578 1596 1623 non
1609 1553 1786 1623 discedere
1802 1555 1914 1630 liceat.
1964 1556 2019 1626 lbi
2035 1561 2137 1629 etiam

95 1658 228 1747 berum
248 1658 440 1744 iudicium,
478 1658 630 1727 maxime
658 1657 760 1726 vobis
790 1654 1097 1746 guberuatdribus,
1147 1654 1279 1725 dicitur
1293 1654 1435 1724 vinculo
1453 1655 1653 1725 dilectionis
1671 1657 1842 1727 unitatem
1859 1655 2036 1729 Ecclesiae
2053 1685 2138 1730 con-

95 1761 163 1855 qui
178 1774 217 1831 et
231 1776 367 1832 vestrae
388 1774 423 1831 et
443 1761 634 1831 multarum
657 1759 814 1847 gentium
837 1757 944 1829 saluti
968 1778 1097 1826 consu·
1147 1756 1298 1841 servari,
1333 1770 1367 1826 et
1391 1769 1511 1847 postea
1534 1757 1571 1824 in
1596 1759 1823 1851 sequentibus
1847 1761 2004 1830 articulis
2027 1764 2138 1833 iuter-

95 1860 173 1959 lere
186 1863 334 1933 debetis.
383 1860 439 1932 De
455 1887 510 1931 me
527 1860 691 1953 privatim
708 1861 836 1932 dicam.
1147 1870 1332 1951 pretantur
1346 1851 1414 1927 hoc
1429 1857 1629 1928 vinculum:
1665 1861 1902 1930 obedientiam
1921 1862 1959 1929 in
1977 1866 2138 1936 traditio—

201 1993 395 2090 Nunquam
416 1995 585 2087 recipiam
608 2016 667 2063 θος
689 1994 857 2070 argemo,
878 1993 981 2079 libri,
1007 2016 1097 2087 quos
1148 1960 1265 2078 nibus.
1322 1958 1363 2028 Si
1384 1953 1451 2028 hoc
1474 1983 1578 2030 sensu
1600 1961 1788 2032 articulum
1813 1963 2040 2057 recipiemus,
2074 1993 2138 2036 nus

97 2079 415 2190 reprebendimus,
448 2097 531 2191 quia
550 2110 632 2167 sunt
648 2096 746 2188 pleni
763 2119 923 2166 errorum
942 2119 980 2165 ac
997 2097 1096 2165 frau-
1147 2085 1242 2153 ¹P⁵⁰⁸
1258 2061 1586 2131 ²⁰¹¹d⁰¹¹¹¹¹³b¹¹¹¹¹¹⁵·
1855 2172 1858 2179 ,

99 2200 208 2271 dum:
240 2222 281 2270 ac
301 2199 421 2269 iudico
444 2223 534 2269 ame
551 2200 664 2269 multo
679 2194 848 2295 lenius²⁵)
864 2209 995 2269 taxatos
1012 2219 1097 2277 esse,
1250 2194 1293 2265 ln
1316 2196 1466 2266 articulo
1490 2197 1535 2267 de
1556 2197 1772 2289 poenitentia
1793 2199 1858 2280 ait,
1898 2199 2140 2270 mortificatio-

99 2304 211 2397 ¹quam
229 2301 437 2391 magnitudo
461 2324 644 2371 causarum
665 2300 879 2393 postulabat.
936 2297 1020 2369 Non
1042 2297 1098 2367 vi·
1149 2320 1231 2367 nem
1255 2298 1436 2368 continere
1459 2299 1714 2369 confessionem
1734 2313 1769 2369 et
1790 2300 2062 2370 satisfactionem
2084 2327 2141 2371 ca-

100 2403 170 2473 dro
191 2415 330 2489 autem,
363 2403 450 2497 quid
472 2403 563 2473 liber
585 2402 756 2473 allaturus
781 2402 827 2472 sit
855 2400 1028 2471 momenti
1052 2400 1096 2469 ad
1149 2399 1378 2489 stigatoriam.
1428 2397 1518 2471 Cum
1538 2413 1658 2493 postea
1680 2403 1724 2470 de
1745 2402 1962 2471 confessione
1984 2416 2020 2474 et
2041 2405 2142 2474 satis-

174 2504 284 2574 licam
301 2504 545 2589 concordiam,
567 2504 638 2575 nisi
654 2518 750 2575 totus
764 2503 965 2596 recipiatur.
1007 2500 1099 2573 Nam
1148 2502 1303 2571 factione
1326 2513 1464 2572 nostras
1480 2503 1671 2607 sententias
1686 2504 1971 2594 opposuerimus,
2005 2529 2143 2575 necesse

127 2604 237 2699 iipsi
258 2606 399 2677 articuli
422 2607 461 2674 in
483 2606 596 2692 libro,
632 2605 662 2674 si
684 2605 943 2697 publicabitur,
976 2628 1100 2674 accen·
1152 2604 1218 2673 erit
1234 2597 1327 2672 hanc
1341 2617 1476 2696 partem
1493 2604 1598 2678 demi.
1648 2602 1699 2674 Et
1717 2629 1779 2696 per
1803 2629 1839 2674 se
1860 2607 2054 2677 absurdum
2080 2622 2143 2689 cst,

101 2708 193 2783 dent
207 2731 302 2778 nova
317 2722 351 2779 et
365 2708 522 2798 iugentia
540 2708 743 2782 certamina.
793 2705 933 2778 Deinde
954 2730 974 2775 a
995 2705 1099 2775 nobis
1151 2707 1282 2794 fingere
1297 2720 1413 2797 partes
1435 2730 1508 2775 esse
1529 2705 2088 2779 mortificationisconfessionem
2111 2724 2144 2779 et

101 2811 281 2903 quaedam
295 2811 481 2902 praeterita
495 2822 578 2880 sunt
589 2823 735 2902 propter
758 2832 855 2900 spem
880 2807 1101 2892 concordiae,
1152 2808 1438 2893 satisfactionem,
1458 2834 1538 2878 cum
1554 2808 1775 2879 mortificatio
1791 2809 1836 2880 sit
1851 2834 1940 2902 opus
1954 2810 2146 2902 spirituale,

101 2911 148 2981 de
162 2912 296 3007 quibus
310 2924 429 2981 tamen
444 2911 599 2980 diximus
620 2912 705 3006 quid
732 2911 931 2995 videretur,
964 2910 1101 2981 etiamsi
1152 2909 1325 2980 consessio
1348 2924 1382 2980 et
1406 2910 1594 2979 satisfactio
1618 2910 1691 2980 sint
1705 2933 1811 3001 opera
1829 2913 2061 2983 traditionum
2080 2909 2147 2983 hu-

101 3036 181 3085 nou
194 3007 502 3108 pugnaverim²⁶),
528 3013 959 3087 utvcrbascriberentur.
1010 3006 1101 3092 †De
1151 3035 1350 3087 manarum.
1408 3010 1546 3082 Scimus
1571 3025 1707 3097 autem,
1751 3035 1920 3102 magnum
1946 3011 2147 3085 inter‘bacc

101 3110 161 3197 bis
179 3138 321 3185 necesse
337 3115 405 3186 erit
421 3115 638 3185 mentionem
655 3114 766 3185 lieri.''
1152 3113 1343 3183 discrimen
1361 3136 1445 3186 esse.
1797 3112 1800 3117 ’

207 3245 292 3320 Non
306 3249 571 3319 concedendum
585 3249 672 3334 erit,
697 3263 738 3318 ut
752 3249 972 3319 confirmatio
985 3260 1019 3316 er
1032 3263 1102 3316 un.
1252 3228 1390 3302 Eodem
1416 3232 1512 3317 loco,
1542 3245 1582 3300 ut
1603 3232 1722 3301 lucose
1745 3247 1918 3302 ornentur
1945 3236 2149 3307 satisfactio-

103 3350 176 3423 ctio
200 3350 366 3422 dicantur
385 3350 590 3422 infallibilia
614 3352 712 3440 signa
733 3350 877 3441 gratiae.
928 3346 1029 3438 Quae
1051 3361 1102 3417 est
1152 3358 1231 3418 110⁸,
1254 3334 1384 3441 tllalur
1398 3329 1665 3405 PaulUSQCOr·
1681 3336 1715 3405 7·
1759 3332 1831 3405 Ubi
1848 3336 1886 3404 in
1905 3337 1976 3405 alio
1994 3333 2151 3431 sensu³⁰)

103 3452 325 3541 absurditas,
349 3448 415 3522 hos
430 3453 520 3523 ritus
539 3476 689 3546 aequare
704 3452 880 3544 baptismo
898 3464 959 3521 aut
973 3472 1102 3520 coenae
1153 3437 1283 3528 legitur
1298 3459 1429 3505 nornen
1444 3434 1692 3504 satisfactionis
1707 3435 1746 3502 in
1763 3439 1915 3529 quadam
1933 3439 2105 3511 versione.
2238 3542 2241 3547 Ι

103 3553 271 3626 hmini?
314 3555 415 3647 ‘1¹¹³Si
444 3555 596 3623 ⁸lmil⁸¹¹¹
632 3555 903 3645 ΡΓοηὶἱεείοῐιεῐιι
938 3548 1102 3621 babeam·
1253 3567 1308 3640 De
1331 3568 1558 3639 sacramentis
1584 3580 1678 3638 recte
1703 3568 1828 3640 dicunt
1853 3567 1908 3665 (ut
1935 3566 2037 3666 nos),
2079 3595 2151 3639 non

105 3652 150 3727 lu
174 3656 255 3727 loco
277 3656 321 3725 de
341 3656 505 3725 libertate
524 3657 717 3726 voluntatis
739 3680 804 3724 nos
820 3654 1023 3724 addidimus
1037 3677 1103 3723 an·
1154 3668 1312 3761 m0d0³¹)
1328 3695 1392 3763 pe„
1407 3694 1445 3740 εδ
1465 3669 1655 3761 significari
1671 3671 1841 3759 gratiam,
1868 3674 1927 3740 sed
1947 3672 2052 3741 ,fiam
2072 3696 2153 3741 san,

104 3757 330 3828 notttfionem
349 3753 432 3838 lde
454 3757 661 3847 i¹¹¹Pleli⁰1¹e
684 3757 796 3848 ¹085?
819 3756 1040 3848 repudiatam
1059 3756 1104 3827 ab
1155 3775 1301 3845 ctificari
1325 3769 1498 3842 homines.
1563 3770 1633 3842 Sed
1656 3766 1715 3840 bic
1745 3796 1904 3864 expresse
1935 3775 2026 3864 apud
2060 3775 2154 3866 ipsos

106 3854 243 3946 Eeeio,
274 3883 364 3954 quae
381 3873 498 3929 tamen
513 3860 583 3927 nisi
598 3874 734 3951 recepta
754 3872 788 3929 et
803 3859 970 3950 explicata
985 3859 1104 3943 fuerit,
1154 3877 1324 3946 usitatum
1341 3873 1622 3945 moremgfflri
1639 3874 1816 3966 oportuit,
1850 3876 1944 3968 quod
1961 3875 2037 3956 gin
2053 3877 2153 3946 adul.

106 3974 179 4035 lote
194 3974 253 4032 res
270 3975 455 4036 evertetur·
1062 4002 1066 4011 *
1156 3978 1202 4048 tis
1225 3976 1356 4047 etiam''
1378 3989 1504 4070 putant
1531 3999 1569 4045 ea
1586 3999 1628 4045 ex
1644 3998 1751 4068 opere
1767 3991 1910 4068 operato
1926 3979 2074 4066 gratiam
2091 3979 2155 4048 ad-

207 4092 394 4165 Postremo
418 4094 457 4163 in
477 4093 679 4164 ¹conciliatis
700 4094 811 4163 multa
838 4107 922 4164 sunt
946 4095 1105 4178 obscura,
1155 4081 1258 4150 ferre·
1697 4176 1703 4185 ,

107 4196 282 4293 quaedam
311 4197 415 4266 etiam
439 4196 693 4266 contumeliosa
715 4196 883 4265 adversus
908 4219 989 4266 nos:
1023 4195 1103 4263 ideo
1255 4194 1348 4269 Cum
1366 4188 1527 4290 igitur³²)
1549 4192 1589 4262 in
1609 4194 1767 4266 articulis
1790 4195 1856 4289 qui
1874 4196 2044 4267 dicuntur
2069 4221 2154 4266 cou-

107 4322 182 4369 non
196 4296 349 4368 dubium
363 4309 431 4383 est,
456 4297 545 4391 quin
560 4298 663 4367 multi
682 4320 722 4366 ex
737 4297 868 4367 nostris
886 4321 946 4367 eos
962 4297 1034 4368 sint
1048 4320 1105 4366 re·
1156 4298 1268 4369 ciliati
1283 4309 1415 4368 restent
1439 4297 1612 4390 quaedam
1634 4297 1855 4366 emendanda
1880 4312 1914 4367 et
1937 4300 2156 4388 explicanda,

105 4398 304 4493 pudiaturi.
356 4396 398 4467 ln
412 4399 491 4469 loco
506 4401 549 4469 de
571 4399 815 4468 iustificatione
840 4399 912 4468 scio
933 4397 1020 4492 quid
1042 4396 1105 4468 alii
1156 4423 1232 4470 uon
1245 4422 1389 4493 possum
1410 4397 1643 4491 comprobare
1666 4392 1871 4491 librum³³),
1898 4398 1968 4466 nisi
1993 4395 2048 4469 bis
2068 4401 2156 4471 locis

105 4494 421 4595 reprehenderint,
451 4504 512 4571 sed
534 4522 597 4593 ego
614 4500 683 4571 alia
697 4501 869 4574 desidero.
919 4498 1103 4597 Nusquam
1664 4516 1667 4521 ·
1911 4492 1915 4499 ’

107 4736 313 4755 ············
1191 4719 1237 4789 27)
1255 4717 1330 4773 Item
1343 4719 1438 4788 quale]
1451 4715 1513 4773 cod.
1525 4713 1596 4771 Gall.
1611 4713 1669 4771 Neo
1681 4717 1815 4782 additur,
1836 4717 1905 4784 quid
1917 4719 1953 4770 sit
1968 4718 2149 4769 teutsindam.

141 4888 190 4957 21)
207 4886 358 4957 lauaem]
370 4886 433 4943 eod.
446 4885 518 4941 Gall.
531 4903 659 4954 eamque.
1190 4824 1238 4991 g}
1253 4818 1519 4990 ’ἒιξὲῗόῗὲῃὲῗῇ
1532 4917 1621 4971 mm·

140 4987 192 5054 Β)
208 4988 330 5056 rogare]
341 4986 404 5042 cod.
416 4983 489 5041 Gall.
501 4988 662 5055 requei-itur.

141 5085 189 5155 Β)
206 5084 314 5156 dimne]
326 5085 389 5141 cod.
401 5082 471 5139 Geli.
482 5085 605 5137 dicatur.
1190 5124 1238 5191 Μ)
1255 5126 1355 5191 modo]
1367 5119 1431 5176 cog·
1445 5116 1518 5175 (3211,
1529 5125 1651 5171 mmm,

140 5191 192 5259 24)
208 5198 262 5245 aut
274 5192 415 5260 quomodo
425 5197 479 5244 etc.
492 5205 550 5242 rou
562 5186 641 5243 babet
654 5187 714 5243 cod.
729 5186 811 5242 Gall.·
1188 5221 1238 5293 ω)
1253 5220 1316 5279 Μ
1331 5208 1490 5288 effla-30,

141 5296 191 5365 ²⁵)
206 5294 309 5362 m]
320 5292 383 5349 Μ’
396 5288 471 5345 ω’
485 5290 584 5347 '‘⁰5⁰''
1187 5320 1236 5394 83)
1253 5339 1313 5377 nou
1324 5336 1442 5387 meeum
1455 5321 1522 5385 ctu]
1536 5316 1600 5375 cod.
1613 5315 1684 5373 Gall.
1703 5333 1753 5368 nec
1771 5331 1835 5367 eam
1854 5282 2031 5359 W'V'm
2050 5294 2129 5331 ’Μ’

141 5397 192 5469 26)
209 5394 282 5451 cot.
292 5390 364 5449 Geli.
377 5395 434 5459 etri,
443 5410 501 5459 nen
509 5391 708 5461 meimet.
1219 5393 1345 5462 probore
1356 5405 1482 5457 meeum.
1957 5433 1961 5445 ,
2149 5418 2153 5425 .

107 5478 292 5545 blerane-
305 5472 408 5541 Ocra.
434 5472 519 5538 Vm..
534 5470 591 5537 IV.
950 5516 953 5521 .
1041 5498 1044 5505 ·
1070 5532 1080 5551 Ι
1269 5462 1320 5537 27

1191 5022 1237 5092 80)
1253 5029 1349 5091 sem]
1366 5018 1430 5075 eod.
1443 5017 1517 5076 Gall.
1533 5018 1684 5072 intellectu.
