4522 5752
271 188 322 281 56
837 142 1274 277 uetsrouattuu
1323 184 1563 271 eluatur.
1617 174 1746 271 aaut

374 362 405 437 F
407 364 493 433 inita
516 358 583 447 bae
604 361 764 445 oratione
785 384 828 431 ex
843 363 1010 435 mandato
1029 361 1178 432 illustris
1191 359 1267 432 Do-
1317 374 1387 443 set,
1416 360 1549 451 primos
1572 375 1706 446 motus,
1733 362 1765 431 si
1779 356 1837 439 his
1852 384 1927 437 non
1942 358 2207 443 consentiatur,
2249 395 2252 422 ι

276 464 367 545 mini
383 463 624 545 commissarii
641 461 831 535 Caesareae
847 461 1062 549 Maiestatis,
1080 477 1130 535 -et
1149 463 1266 535 domi·
1319 457 1449 533 babere
1468 464 1608 555 culpam
1630 463 1809 541 criminis.
1855 461 1935 541 Etsi
1956 484 2031 543 nou
2052 463 2256 541 existimem·

276 591 406 637 norum
421 565 703 638 praesidentium
724 566 874 660 petitum
892 578 963 651 est,
993 580 1035 637 ut
1048 564 1184 637 Docter
1196 560 1268 635 Ec·
1318 564 1583 651 collocutorem,
1604 590 1669 658 pro
1683 589 1746 637 sua
1761 567 2021 653 mederatione,
2042 566 2232 643 universus
2254 600 2258 624 ι

277 670 370 755 cius,
394 681 566 763 quantum
582 667 749 760 possibile
767 682 872 751 esset,
894 664 1117 739 contraheret
1133 692 1268 738 sermo·
1319 667 1432 737 mines
1445 681 1515 737 tam
1531 669 1630 758 gravi
1644 669 1734 741 velle
1749 692 1898 747 onerare
1914 669 2082 745 crimine:
2112 681 2232 741 umen

277 795 359 856 nes,
394 784 428 841 et
451 770 583 841 diceret
607 795 664 856 ea,
698 794 788 867 quae
805 771 981 861 pertinere
999 771 1207 841 viderentur
1222 772 1266 838 ad
1318 766 1747 841 doctioresEcclesiarum
1769 772 2046 863 praedicatores,
2073 771 2185 845 crude
2206 794 2260 845 sn,

276 874 392 963 ipsum
409 871 609 963 negotium,
634 870 773 943 omissis
789 872 879 945 aliis.
929 868 978 943 Et
999 886 1039 944 ut
1061 872 1098 943 in
1122 872 1268 943 cacteris
1316 871 1464 961 figentes
1481 867 1687 943 huiusmodi
1706 874 2046 965 concupiscentiam,
2077 873 2254 965 capitale

277 975 371 1045 idem
388 976 487 1046 fieret
505 989 568 1047 etc.
1316 987 1440 1046 serunt
1453 998 1527 1045 esse
1547 990 1729 1065 peccatum
1751 991 1786 1048 et
1806 970 2046 1061 horrendum,
2078 970 2198 1045 hemi
2249 1011 2252 1034 ι

1317 1076 1566 1166 constringunt
1592 1077 1630 1149 in
1661 1074 1866 1153 inevitabile
1894 1090 2092 1168 peccatum,
2133 1077 2222 1149 dum
2253 1130 2255 1136 .

1317 1178 1393 1262 vir,
1425 1192 1605 1264 matrona,
1632 1193 1695 1257 aut
1717 1175 1866 1250 honesta
1881 1180 1982 1269 virgo
2000 1174 2209 1249 huiusmodi
2223 1202 2252 1249 c·

277 1242 418 1317 Eodem
438 1240 514 1330 dit,
549 1240 820 1318 imfaS‘W'fd‘i
836 1241 1096 1343 ΡΟΜιΤὶᾱίαΜ
1112 1239 1267 1316 D·D⁰'
1317 1281 1409 1353 natis
1419 1282 1575 1352 motibus
1586 1281 1762 1355 titillatur.
1788 1279 1880 1351 Nam
1892 1282 1922 1351 si
1933 1281 2164 1366 consenserit,
2176 1304 2215 1351 ac
2239 1314 2260 1341 1:

633 1346 913 1421 eforEccius.

1299 1396 1499 1473 peccatum
1523 1383 1712 1475 perficitur.
1770 1381 1811 1455 si
1833 1408 1908 1453 non
1930 1382 2169 1467 consenserit,
2195 1382 2252 1453 ad·

378 1498 549 1580 Illustris,
581 1498 882 1583 reverendissimi,
916 1497 1139 1570 ornatissima
1165 1518 1268 1586 prae·
1318 1507 1380 1574 pcc
1405 1486 1724 1576 concupiscentiam
1748 1499 1988 1563 remanentem
2014 1485 2204 1559 adfirmant
2238 1518 2261 1544 o

275 1602 572 1675 scientissimorum
586 1600 745 1671 virorum
765 1624 907 1673 corona,
1317 1610 1418 1672 care,
1442 1588 1540 1680 quod
1558 1612 1578 1659 a
1593 1586 1761 1659 Patribus
1775 1611 1912 1679 semper
1927 1587 1998 1657 fuit
2011 1586 2179 1671 vitatum,
2210 1608 2254 1657 ne

378 1717 436 1789 Ad
465 1742 505 1787 ea
532 1740 621 1809 quae
651 1719 875 1787 venerandus
898 1714 943 1786 D.
964 1714 1135 1806 Magister
1159 1710 1267 1784 hodie
1317 1683 1821 1780 lesseChfi⁵iiP⁰1s⁰⁰ii⁸⁵lfflfl
1847 1712 2060 1783 tlUOCUssqssfl
2087 1711 2172 1758 0³³⁰
2201 1681 2259 1759 ho

275 1820 477 1913 proposuit,
510 1818 576 1889 etsi
596 1818 700 1910 plura
720 1819 839 1889 forent
857 1818 1026 1904 (licenda,
1059 1843 1125 1910 pro
1145 1818 1267 1887 ardui-
1316 1790 1376 1859 fiat
1395 1792 1592 1881 perplexus·
1636 1790 1705 1908 ‚U
1736 1791 1842 1908 ‘5³¹9
1867 1788 2022 1907 Gfls⁸⁰¹¹0
2038 1789 2187 1869 i¹¹⁰⁸ifl⁸
2214 1813 2256 1881 ἔιΡ

275 1938 346 1994 tate
374 1921 526 2013 negotii,
565 1943 620 1989 me
651 1933 768 1990 mmen
799 1922 950 2013 tempori
980 1921 1266 1992 accommodabo·
1317 1915 1376 1961 eos
1391 1886 1608 1983 Theologus,
1635 1917 1673 1960 1n
1689 1891 1903 1977 Morabbus,
1926 1906 1959 1961 et
1975 1890 2061 1961 abas
2078 1915 2180 1985 saepe
2195 1892 2242 1961 do

275 2024 460 2114 Quantum
476 2022 571 2091 enim
587 2022 631 2091 ad
647 2021 943 2117 exemplariorum
958 2023 1191 2094 mutationem
1212 2034 1267 2090 at·
1417 2023 1517 2114 Quin
1537 2050 1608 2096 una
1630 2050 1671 2095 ex
1693 2020 1760 2095 hae
1781 2026 1898 2095 radice
1920 2050 1960 2095 ee
1987 2019 2231 2105 devehuntur,

273 2129 378 2213 tinet,
403 2126 517 2195 sciens
534 2124 603 2205 iam
619 2137 812 2215 praetereo.
1316 2126 1556 2199 innocentiam
1580 2128 1780 2199 infantilem
1804 2128 1907 2199 etiam
1925 2140 2084 2197 renatam
2100 2126 2258 2218 capitali

373 2241 482 2333 Quod
504 2268 587 2313 vero
611 2240 1127 2335 edictaprincipum'respiciq‚
1160 2256 1195 2313 01
1208 2266 1266 2312 ar.
1316 2244 1467 2301 onerent
1489 2230 1657 2322 peccatis,
1697 2232 1782 2299 dum
1806 2231 1898 2299 fame
1921 2252 2040 2320 pressa
2062 2231 2182 2301 cibum
2211 2254 2254 2320 pe

274 2349 426 2417 bitratur
441 2343 618 2415 Dominus
634 2368 734 2415 meus
751 2368 808 2415 me
828 2369 903 2414 non
925 2345 1076 2436 probare
1097 2345 1265 2437 asperita-
1316 2346 1377 2405 cut
1392 2334 1445 2401 luc
1463 2347 1684 2410 molernum,
1711 2345 1774 2402 cui
1788 2333 1901 2420 frigus
1914 2330 2092 2419 refugiens
2107 2331 2240 2422 expetit
2259 2369 2261 2376 ¹

274 2463 345 2519 tem
368 2448 484 2517 illam:
523 2447 678 2538 profecto
701 2469 827 2537 magna
851 2461 940 2529 esset
957 2444 1056 2517 Eccii
1079 2447 1265 2532 temeritas,
1315 2435 1390 2504 lore
1405 2435 1604 2525 temperari.
1655 2432 1751 2503 Haec
1767 2436 1812 2503 do
1826 2431 1975 2504 Domini
1991 2432 2220 2504 collocutoris
2249 2467 2261 2494 o

235 2549 239 2561 ²
274 2552 302 2620 si
315 2548 455 2640 Regum
471 2562 504 2619 et
519 2545 728 2640 Principum
741 2549 831 2619 facta
849 2561 979 2619 temere
996 2548 1177 2619 iudicaret.
1314 2536 1543 2626 Prflcsailfflc·

375 2664 417 2736 ld
440 2680 557 2736 autem
583 2668 678 2760 quod
703 2666 796 2737 inter
816 2668 1045 2758 praefandum
1062 2667 1265 2753 immiscuit,
1414 2666 1618 2762 Antequam
1637 2691 1719 2737 vero
1741 2691 1818 2737 rem
1835 2667 1949 2758 ipsam
1967 2666 2232 2757 aggrediamur,

272 2768 326 2840 De
351 2768 509 2839 motibus
532 2769 677 2850 mentis,
710 2781 745 2839 et
765 2783 905 2859 peccato
928 2767 1158 2856 Sanctorum,
1184 2793 1264 2840 cum
1315 2772 1401 2839 deor
1417 2769 1548 2841 iustum
1564 2793 1718 2839 servasse
1732 2770 1906 2855 ordinem,
1922 2769 2030 2862 quod,
2044 2793 2124 2838 cnm
2141 2762 2223 2839 beri

272 2870 460 2955 dubitant,
494 2893 567 2939 non
590 2870 674 2940 satis
697 2871 821 2941 timere
845 2871 900 2939 vel
921 2872 1044 2941 ardere
1065 2870 1266 2943 dilectione.
1315 2872 1479 2966 loquium
1500 2896 1619 2943 meum
1644 2873 1876 2943 conclusurus
1900 2894 1981 2941 eum
2005 2870 2225 2960 rogitabam,

272 2968 350 3042 Etsi
368 2968 436 3043 hoc
452 2973 496 3041 ad
512 2972 622 3041 alium
637 2968 811 3063 pertineat
826 2966 1027 3042 Articulum
1043 2988 1124 3044 ante
1138 2974 1264 3063 viginti
1316 2999 1397 3045 cum
1418 2975 1589 3070 fratribus
1611 2973 1684 3044 suis
1698 2969 1937 3044 Christianam
1960 2972 2146 3043 nobiscum
2162 2996 2233 3041 con
2260 3011 2261 3027 .

273 3096 387 3144 annos
406 3074 548 3165 Lipsiae
571 3098 637 3164 per
660 3098 716 3142 mc
741 3074 978 3165 disputatum,
1008 3076 1176 3145 adversus
1191 3074 1265 3145 Lu-
1316 3078 1410 3145 diam
1424 3077 1548 3159 iniret,
1581 3075 1779 3145 monstravi
1802 3076 1886 3160 iter,
1915 3098 1979 3166 per
1995 3076 2089 3167 quod
2107 3072 2225 3143 facilis

274 3172 416 3246 thecum
443 3190 478 3247 et
502 3173 805 3259 Carolostadium,
836 3200 916 3246 cum
941 3189 1141 3269 opportune
1167 3179 1265 3247 locus
1315 3178 1371 3249 bis
1387 3178 1576 3262 transitus,
1602 3177 1641 3245 in
1658 3178 1794 3247 delectu
1813 3173 2040 3266 Augustane,
2065 3176 2166 3269 quasi
2183 3176 2224 3246 in
2249 3187 2261 3236 Γ

273 3266 584 3361 alienabitur,
622 3274 700 3347 Deo
725 3279 850 3362 dante,
888 3302 963 3348 non
986 3280 1137 3350 deerunt
1157 3276 1265 3350 Eccio
1315 3302 1411 3349 meas
1428 3302 1547 3370 preces
1562 3278 1698 3362 reiecit,
1727 3302 1769 3347 eo
1792 3282 1885 3372 qnod
1908 3277 2128 3372 quotidianis
2146 3276 2260 3368 preci

272 3404 389 3450 sacrae
415 3379 637 3472 scripturae,
668 3377 813 3451 Petrum
840 3381 1061 3466 autoritates,
1102 3384 1148 3451 ad
1180 3376 1266 3452 haec
1315 3379 1391 3453 Deo
1406 3381 1593 3472 supplicet:
1621 3379 1770 3451 Dimitte
1786 3379 1889 3449 nobis
1906 3380 2023 3449 debita
2040 3389 2175 3453 nostra.

273 3484 428 3553 rili⁰¹¹⁰⁸
446 3482 609 3556 invictae·
1413 3496 1548 3568 Verum
1564 3497 1592 3589 si
1606 3497 1788 3567 maluisset
1801 3496 1901 3591 sequi
1916 3492 2177 3585 Augustinum,
2202 3521 2252 3589 qn

370 3598 419 3669 At
443 3601 526 3693 quia
550 3598 596 3672 D.
620 3598 790 3689 Magister
817 3614 896 3690 pest
925 3602 1067 3691 longam
1094 3606 1266 3674 orationis
1316 3600 1421 3671 iactat
1438 3622 1520 3671 suae
1534 3598 1644 3691 partis
1659 3622 1748 3684 esse,
1777 3622 1852 3667 non
1873 3598 1996 3667 fuisset
2017 3592 2255 3689 aspernatus}

274 3715 444 3785 tractum,
473 3702 511 3770 in
534 3701 683 3771 eandem
706 3701 887 3773 descendit
909 3703 1112 3790 materiam,
1147 3721 1266 3785 motus
1316 3703 1418 3771 miles
1439 3724 1558 3795 preces
1580 3724 1693 3787 meas,
1728 3725 1769 3769 ex
1789 3699 1933 3771 caritate
1957 3712 1992 3769 et
2014 3722 2134 3769 amore
2159 3723 2261 3769 conc

146 3848 156 3857 ,
274 3804 366 3888 illos,
388 3828 477 3895 quos
491 3804 605 3873 solent
620 3798 794 3892 Theologi
808 3803 941 3893 primos
955 3807 1145 3898 appellare,
1169 3806 1266 3878 Con·
1316 3803 1394 3873 diae
1414 3804 1639 3897 prodeuntes.
1701 3790 1793 3870 Nam
1818 3802 1921 3871 disus
1944 3798 2050 3871 Pater
2071 3800 2165 3870 libro
2191 3800 2261 3893 pri

274 3905 418 3976 stituere
434 3901 616 3975 hominem
631 3903 671 3972 in
688 3904 876 3975 inimicitia
889 3902 975 3987 Dei,
1009 3911 1106 4001 quod
1122 3933 1163 3979 ex
1178 3911 1265 3979 alle·
1316 3918 1438 3976 contra
1452 3907 1539 3975 daras
1552 3900 1825 3995 Pelagianorum
1843 3898 2021 3995 Epistulas
2033 3902 2203 3986 affirmat,

274 4021 353 4097 gato
377 4004 543 4098 Apostoli
569 4006 647 4075 loco
672 4007 716 4077 de
743 4008 1076 4098 prudentiacarnis
1104 4012 1266 4102 cupiebat
1314 4031 1389 4078 non
1404 4006 1519 4078 dicere
1536 4016 1681 4097 propter
1701 4002 2037 4095 concupiscentiam:
2068 4000 2218 4073 Dimitte

274 4111 467 4184 adstruere.
518 4103 610 4177 Cum
626 4120 745 4178 tamen
761 4109 864 4199 longe
879 4109 977 4179 aliud
992 4112 1058 4196 sit,
1083 4113 1187 4183 etiam
1203 4139 1265 4186 sna
1314 4110 1370 4181 bis
1385 4108 1502 4180 debita
1517 4120 1657 4192 nostra,
1689 4108 1751 4176 sed
1768 4106 1857 4176 illud
1873 4106 1969 4199 quod
1985 4104 2163 4199 seqnitur,
2192 4100 2243 4175 Et

274 4210 577 4302 interpretatione,
592 4210 784 4299 prudentia
795 4211 921 4297 carnis,
935 4207 1144 4303 phronema,
1157 4241 1264 4309 quam
1314 4235 1380 4282 nos
1397 4212 1526 4280 inferas
1540 4210 1578 4278 in
1596 4208 1820 4280 tentationes.

274 4311 575 4403 concupiscentia,
600 4312 713 4381 s⁰m0³
730 4326 764 4383 ei
777 4313 924 4383 ¹1¹0rb¹¹⁵
937 4315 1011 4402 ille.
1411 4325 1504 4398 Cum
1521 4341 1636 4397 autem
1653 4350 1729 4396 non
1743 4348 1799 4393 me
1814 4325 1926 4417 fugiat
1939 4337 2071 4392 vestras
2085 4324 2256 4395 excellent

375 4424 425 4499 At
441 4427 602 4498 omniurn
617 4441 772 4499 vestrum
790 4431 1026 4519 praesentium
1040 4433 1265 4523 prudentiam
1316 4445 1350 4503 et
1370 4431 1631 4501 dominationes
1653 4440 1831 4523 enpetere,¹
1862 4439 1902 4497 ut
1924 4425 1990 4493 sim
2012 4424 2174 4510 brevior,
2214 4450 2260 4495 vo

275 4543 404 4616 testor,
431 4529 521 4618 Quis
535 4528 766 4600 arbitrabitur
782 4555 823 4599 ex
846 4530 917 4625 illis
939 4533 1024 4624 ipsis
1046 4533 1172 4625 primis
1189 4559 1266 4603 mo·
1315 4533 1440 4602 vestris
1456 4532 1605 4601 studebo
1621 4528 1779 4623 obsequi.
1833 4524 1884 4597 lta
1902 4539 2039 4611 tamen,
2066 4541 2106 4596 ut
2130 4520 2223 4597 nihil

275 4632 390 4717 tibus,
431 4644 502 4701 tam
530 4646 630 4702 atrox
656 4632 789 4702 crimen
818 4632 1002 4704 committi.
1057 4632 1149 4707 Cum
1171 4637 1265 4704 enim
1315 4648 1434 4727 pereat
1466 4633 1606 4702 veritati
1638 4629 1887 4721 Evangelicae‚
1926 4631 2022 4723 quod
2055 4641 2098 4697 ut
2132 4643 2261 4719 praest

275 4758 380 4803 nemo
403 4733 475 4803 illis
497 4745 630 4815 carcat,
671 4747 705 4804 et
726 4757 872 4824 prorsus
898 4735 1002 4805 nobis
1030 4737 1154 4807 invitis
1181 4738 1265 4807 sub-
1315 4734 1554 4817 commodius,
1590 4756 1713 4803 omnes
1743 4730 1952 4822 suppliciter
1984 4753 2125 4822 precor,
2155 4754 2261 4800 mem

151 4868 157 4883 ·
276 4836 457 4919 oriantur,
485 4834 531 4904 sit
551 4855 631 4923 ergo
644 4834 702 4903 vir
720 4836 853 4920 bonus,
884 4838 947 4930 qui
964 4833 1021 4907 his
1043 4839 1199 4909 motibus
1221 4840 1266 4909 ad
1315 4851 1431 4907 mente
1446 4849 1598 4920 teneant,
1623 4858 1713 4928 qnae
1725 4833 1764 4903 in
1776 4834 1904 4903 fascem
1919 4834 1989 4900 iarn
2004 4831 2138 4919 redigo.
2171 4826 2246 4901 Om

274 4938 476 5019 avaritiam,
505 4934 739 5020 adulterium,
772 4937 983 5024 vindictam,
1023 4953 1085 5010 aut
1105 4940 1173 5009 alia
1197 4940 1266 5009 cri-
1316 4940 1411 5009 enim
1436 4962 1526 5031 quae
1545 4938 1602 5006 vel
1626 4961 1667 5005 ex
1690 4931 1881 5027 Apostolo,
1915 4929 2134 5023 Augustino,
2168 4936 2247 5003 et'a

273 5039 372 5109 mina
389 5036 634 5115 extimulatur,
667 5036 730 5130 qui
745 5051 863 5108 tamen
878 5040 1027 5110 rationis
1050 5043 1158 5111 ductu
1182 5036 1266 5111 hnic
1314 5053 1399 5111 sunt
1421 5040 1544 5123 allata,
1576 5038 1826 5126 intelliguntur
1843 5060 1925 5104 vere
1949 5060 1967 5103 a
1990 5034 2119 5103 sanctis
2138 5031 2257 5105 Patri

257 5140 464 5214 ‘tentationi
480 5138 633 5208 viriliter
653 5139 785 5208 auxilio
799 5138 867 5210 Dei
889 5140 1045 5226 resistat,
1079 5165 1124 5211 ne
1144 5156 1266 5232 regnet
1315 5143 1545 5214 conformiter
1571 5143 1615 5211 de
1641 5138 1924 5228 concupiscentia
1949 5137 2005 5207 vel
2033 5135 2145 5227 ipsius
2171 5137 2261 5205 forn

275 5258 310 5316 et
322 5244 467 5315 obediat
476 5239 769 5331 concupiscentiis
780 5242 926 5312 illorum
937 5257 1110 5317 motuum.
1139 5241 1266 5333 Quan·
1315 5246 1372 5315 vel
1387 5245 1490 5313 malis
1506 5242 1582 5313 eius
1594 5241 1859 5323 affectionibus,
1891 5238 2132 5309 exercentibus
2152 5260 2221 5306 nos
2255 5272 2260 5298 ι

273 5358 312 5417 to
333 5344 463 5417 rectius
484 5343 530 5413 ad
551 5355 755 5415 sanctorum
774 5357 913 5435 patrum
931 5345 1141 5418 sententiam
1156 5346 1267 5419 dixis-
1289 5409 1293 5415 .
1314 5361 1425 5418 totam
1453 5340 1546 5414 hanc
1574 5344 1703 5424 vitam,
1743 5354 1783 5411 ut
1812 5364 1888 5409 non
1914 5341 2044 5409 absone
2073 5338 2207 5408 diceret
2232 5338 2261 5409 l·
