4522 5752
106 160 197 285 sos
692 195 1133 281 urrsrouauuu
1179 192 1383 287 staur.
1435 195 1566 287 ests.
2079 202 2152 279 oue

108 376 242 451 limites
259 372 570 455 veraeEcclesiae.
619 376 751 471 Magna
764 401 846 471 pars
861 378 990 450 muudi
1004 390 1104 450 tene-
1153 366 1284 471 inagna
1308 379 1495 452 indolere
1519 404 1593 452 esse
1616 368 1766 482 propter
1786 376 1934 471 Remo,
1967 370 2153 458 Ecclesiae,

110 496 206 553 tura
225 482 407 573 gentibus,
432 506 523 576 quae
542 481 759 553 maledicunt
773 482 847 551 lilio
863 481 948 563 Dei,
971 478 1104 551 a'Pur·
1157 482 1293 567 literas,
1317 482 1429 552 mrrlta
1448 482 1552 553 etiam
1568 486 1612 552 de
1628 484 1747 553 futura
1763 482 1926 553 vastitate
1950 492 1988 549 et
2010 479 2153 549 victoris

113 584 184 664 cis,
223 583 416 675 aPapistis
440 584 711 654 defendentibus
731 609 793 654 sua
818 585 925 653 idola.
983 579 1105 671 Quare
1157 584 1338 654 iracundia
1356 586 1519 674 cogitare.
1570 586 1692 673 Quare
1707 585 1737 653 si
1753 608 1858 679 quarn
1874 581 2152 653 consulationem

113 688 208 780 quod
228 682 386 756 Ecclesia
410 684 682 778 Ratisponeusis
704 688 933 771 emendatur,
958 686 1105 775 gaudeo,
1156 687 1196 756 in
1210 687 1316 759 tantis
1331 686 1484 778 publicis
1500 688 1603 757 malis
1617 701 1677 758 aut
1692 682 1918 781 nunciantur
1939 685 1987 753 ad
2012 697 2048 752 te
2071 682 2150 753 scri-

114 804 149 859 ct
166 812 288 879 precor
303 788 416 858 lilium
433 786 521 873 Dei,
545 802 585 857 ut
602 811 685 857 suae
704 788 811 858 messi
832 790 958 857 excitet
978 810 1104 877 opera·
1156 790 1240 858 bere
1263 812 1418 881 possem,
1452 812 1527 859 non
1547 790 1642 859 aliud
1668 804 1915 880 argumentum
1935 786 2057 877 aptius
2076 778 2149 855 huic

114 890 188 961 rios
204 891 333 959 fideles.
385 888 518 983 Spero,
548 884 700 986 Nopum
719 888 747 987 ¹)
770 890 908 961 utiliter
929 886 1106 959 Ecclesiae
1157 892 1308 982 tempori
1340 891 1543 965 arbitrarer.
1599 888 1677 981 Ego
1710 892 1856 987 quidem
1890 888 2023 959 etsist
2053 887 2147 977 lugeo

114 992 328 1063 serviturum
350 1014 443 1076 esse,
484 1005 518 1061 et
537 989 654 1062 istbuc
677 1007 840 1063 vocatum
866 1014 938 1061 esse
958 992 1107 1080 gaudeo,
1156 991 1284 1083 Remp.
1299 1006 1334 1063 et
1349 994 1539 1082 lugendam
1558 1017 1699 1063 censeo:
1725 1007 1843 1064 tamen
1870 1016 1911 1061 eo
1937 988 2148 1059 moderatius

114 1120 155 1165 ac
178 1107 356 1187 optarem,
382 1118 464 1162 mox
487 1117 561 1163 esse
576 1096 784 1185 proiectum.
835 1094 907 1165 Sed
921 1093 1014 1163 nosti
1031 1092 1107 1162 eius
1156 1090 1243 1164 baec
1264 1095 1356 1163 mala
1374 1096 1467 1176 fero,
1494 1096 1577 1189 quia
1602 1096 1737 1165 bellum
1762 1118 1837 1164 non
1859 1118 1900 1162 ex
1919 1091 2058 1161 nostris
2071 1113 2147 1159 con-

114 1196 344 1267 coutationes.
402 1193 469 1265 Vir
500 1210 552 1267 est
572 1198 747 1289 optimus,
785 1196 1105 1286 cuiusexemplum
1157 1196 1357 1282 troversiis,
1390 1200 1448 1267 sed
1472 1222 1511 1266 ex
1531 1197 1648 1267 stultis
1665 1195 1873 1289 Principum
1896 1190 2146 1285 cupiditatibus

114 1321 216 1390 spero
245 1299 350 1367 etiam
381 1298 608 1390 profuturum
631 1298 687 1367 illi
709 1296 898 1369 Ecclesiae.
956 1296 1107 1368 Senatus
1156 1289 1221 1371 καὶ
1235 1292 1579 1398 πολυπραγμοσύνῃ
1594 1300 1733 1371 exarsit.
1782 1297 1922 1370 Deinde
1938 1296 1969 1365 si
1986 1295 2061 1365 lato
2078 1280 2144 1363 Cu·

113 1397 402 1493 Noribergeusis,
426 1415 467 1472 ut
491 1425 618 1494 spero,
643 1424 717 1470 non
738 1400 910 1491 gravatim
934 1400 1002 1469 tibi
1021 1422 1107 1469 con·
1159 1397 1401 1494 rolipotentia
1417 1413 1564 1486 crescet,
1588 1414 1628 1471 ut
1644 1400 1749 1471 multi
1765 1412 2007 1489 augurantur,
2032 1396 2146 1467 aisn

114 1503 233 1587 cedet,
258 1517 298 1573 ut
319 1525 463 1573 maneas
484 1502 702 1595 Ratisponae
723 1525 835 1597 usque
854 1504 900 1572 ad
914 1493 1022 1598 Napi
1040 1502 1107 1572 ad·
1157 1503 1268 1575 sierit
1280 1499 1480 1599 μοναρχία,
1505 1504 1641 1598 domini
1658 1502 1804 1573 lenitate
1817 1498 2055 1590 mitigabitur.
2083 1494 2146 1567 De-

113 1617 271 1674 veutum.
320 1602 375 1675 De
398 1595 676 1680 elevatione
695 1600 724 1699 ²)
752 1606 813 1675 sed
830 1600 953 1675 dehac
968 1628 1005 1674 re
1020 1604 1107 1673 alias
1156 1604 1267 1706 nique
1289 1606 1353 1676 etsi
1376 1606 1501 1677 ruinae
1523 1605 1754 1697 imperiorum
1770 1625 1873 1695 saepe
1891 1600 2035 1672 duriter
2051 1621 2145 1693 quas-

114 1706 338 1799 disseremus.
401 1705 519 1778 Deum
553 1720 688 1799 patrem
721 1708 858 1777 doruini
891 1705 1004 1777 nostri
1026 1702 1107 1775 lesu
1158 1720 1283 1777 saruut
1296 1704 1505 1793 Ecclesiam3
1531 1720 1649 1777 tamen
1673 1707 1822 1787 scimus,
1847 1702 1966 1774 Deum
1990 1702 2025 1771 ei
2047 1715 2145 1795 quae

113 1802 248 1878 Christi
262 1833 345 1893 oro,
369 1821 410 1879 ut
423 1822 457 1879 te
473 1810 657 1899 gubernet.
690 1806 788 1879 Beue
805 1822 839 1881 et
853 1809 1005 1880 feliciter
1019 1808 1107 1877 vale.
1158 1810 1240 1878 dam
1253 1804 1406 1901 hospitia
1423 1834 1578 1894 servare,
1604 1832 1645 1880 ae
1659 1808 1818 1880 fortassis
1839 1807 1879 1875 iu
1894 1802 2092 1875 Germania
2112 1801 2145 1869 iu

112 1904 181 1982 Die
193 1908 256 1988 28.
269 1908 463 1987 Novembr.
479 1908 591 1987 1542.
1157 1911 1319 1995 urbibus,
1343 1936 1433 2006 quae
1446 1926 1480 1983 et
1493 1912 1714 2006 aequissimis
1728 1909 1887 2001 imperiis
1902 1916 2095 1997 reguntur,
2115 1916 2146 1975 st

871 2004 938 2081 Pb.
952 2007 1007 2085 M.
1158 2012 1416 2084 munitissimae
1435 2027 1538 2099 sunt,
1562 2027 1708 2107 propter
1729 2008 1796 2083 lros
1818 2013 1913 2103 ipsos
1929 2006 2073 2098 Regum
2095 2018 2146 2075 tu·

1159 2116 1311 2196 multus,
1342 2116 1405 2208 qui
1431 2114 1654 2207 impendent,
1678 2112 1855 2185 Ecelesias
1878 2108 2090 2193 collocavit,
2110 2120 2146 2175 ut

112 2268 288 2282 ......-...
312 2264 1096 2281 .--...--...-......-.-.--*.----
1158 2215 1310 2287 latebras
1334 2213 1489 2287 habeant
1508 2216 1795 2309 tranquilliores,
1821 2238 1866 2283 ne
1890 2211 2014 2284 studia
2035 2210 2144 2279 litera·

1158 2341 1238 2387 rum
1255 2318 1394 2409 penitus
1418 2319 1612 2391 deleantur.
1663 2316 1774 2409 Saepe
1796 2316 1905 2406 igitur
1926 2310 2064 2405 duplici
2086 2334 2146 2380 no-

113 2439 307 2514 N0,2582,
890 2444 1107 2528 (Noghff)
1158 2420 1254 2489 mine
1286 2443 1348 2488 vos
1376 2422 1494 2490 beatos
1517 2443 1590 2487 esse
1622 2419 1797 2500 iudicavi,
1833 2430 1869 2487 et
1891 2418 1974 2508 quia
2002 2441 2021 2483 a
2047 2412 2144 2482 Prin-

119 2536 292 2569 ww
896 2538 1104 2569 *θῶ
1159 2522 1276 2611 cipum
1296 2521 1445 2610 negotiis
1462 2521 1583 2611 procul
1604 2521 1749 2603 abestis,
1776 2533 1811 2591 et
1832 2520 1916 2611 quia
1941 2519 1980 2585 iu
2007 2516 2067 2584 illa
2089 2538 2144 2583 ur-

468 2625 531 2715 [⁰.
551 2622 756 2716 stimulo,
1158 2624 1257 2693 bium
1279 2624 1534 2716 tranquillitate
1558 2624 1740 2693 literarum
1762 2622 1889 2692 studiis
1908 2618 2058 2688 uberius
2078 2615 2145 2684 l'rui

1157 2724 1311 2814 potestis.
1361 2723 1510 2794 Nostrae
1528 2718 1678 2794 scholae
1695 2722 1832 2817 quoties
1844 2720 1974 2791 subitis
1997 2712 2061 2790 καὶ
2081 2741 2146 2789 nu·

265 2802 403 2860 Gabbems
422 2803 491 2878 ΕΡΡ·
508 2824 535 2875 Ρ·
553 2804 600 2862 ⁷⁴⁰
1156 2828 1274 2907 νικοῖς
1286 2826 1496 2898 tumultibus
1508 2824 1717 2917 Principum
1734 2822 1947 2896 turbantur?

113 2956 337 3033 (Ileerissr'mo
351 2959 441 3043 viro,
462 2968 494 3032 et
508 2957 703 3032 excellenti
714 2959 843 3032 virtute
858 2968 890 3030 et
906 2956 1105 3032 eruditione
1258 2956 1399 3029 Deinde
1429 2984 1501 3054 quo
1531 2959 1601 3031 iarn
1629 2984 1685 3029 me
1713 2959 1833 3028 auimo
1858 2981 1932 3027 esse
1958 2978 2081 3027 censes
2105 2956 2144 3023 de

191 3073 322 3134 ‹rrnato
346 3059 375 3133 I
379 3056 607 3134 ohanne‘S
614 3062 758 3133 turmi
764 3088 804 3147 o,
828 3060 947 3133 arnico
961 3086 1029 3133 suo
1157 3060 1308 3131 Turrita
1335 3060 1534 3151 irruptione
1562 3062 1794 3150 cogitantem,
1833 3084 1924 3153 qnae
1951 3058 2143 3129 vastitatem

504 3164 708 3242 carissimo.
1157 3161 1312 3232 minatur·
1326 3165 1391 3232 toti
1404 3159 1487 3231 buic
1503 3160 1717 3232 Germaniae
1738 3162 1839 3230 lateri
1862 3162 1900 3229 in
1925 3186 1998 3253 quo
2017 3159 2143 3229 alcadr-

1155 3263 1263 3333 miola
1287 3279 1407 3333 nostra
1432 3266 1498 3333 sita
1518 3258 1627 3359 est*).
1680 3264 1778 3353 Quid
1801 3263 1838 3331 iu
1859 3264 1972 3333 altera
1986 3258 2143 3351 Europae

1155 3378 1255 3457 parte
1274 3364 1469 3435 chutetia
1491 3366 1651 3437 futurum
1675 3388 1813 3451 censes,
1837 3363 1867 3431 si
1891 3362 2045 3454 llispani
2062 3361 2141 3431 Gal-

1155 3465 1220 3535 lias
1242 3459 1509 3562 deripient?**)
1558 3465 1631 3537 Nos
1655 3468 1821 3560 quidem,
1846 3467 1931 3534 dum
1948 3466 2051 3548 licet,
2077 3476 2142 3533 stu-

1155 3566 1214 3636 dia
1227 3566 1410 3636 literarum
1430 3568 1598 3652 colimus,
1624 3581 1664 3637 ut
1679 3568 1864 3660 posteritas
1879 3566 2071 3635 seminaria
2081 3562 2142 3634 Ec-

1156 3667 1341 3737 clesiarum
1357 3662 1502 3753 babeat,
1526 3670 1677 3763 tequeid
1701 3669 1812 3758 magis
1833 3668 1948 3737 lacere
1971 3667 2141 3747 corrrenit,

112 3279 218 3373 Haec
247 3326 328 3373 cunr
351 3300 541 3371 scriberem
571 3304 731 3373 noudum
753 3304 964 3385 advenerat,
997 3325 1102 3395 quern

112 3429 214 3495 spero
236 3417 270 3473 ct
293 3404 427 3474 litteras
449 3426 470 3471 a
492 3414 526 3471 te
540 3407 679 3474 adferre
696 3418 730 3475 et
744 3406 788 3473 de
803 3401 895 3493 Rep.
909 3402 1103 3471 multorum

111 3530 289 3575 sermones
315 3529 353 3574 ac
369 3504 609 3576 divinationes
622 3519 849 3576 narraturum
866 3526 951 3573 esse.
1001 3501 1102 3573 Moto

111 3608 207 3676 euim
231 3606 325 3673 bello
347 3602 509 3689 Gallico,
548 3630 695 3697 magnae
726 3629 845 3675 rerum
867 3599 1103 3674 humanarum

110 3708 358 3777 conversiones
374 3706 590 3793 impendent.
639 3705 717 3779 Rex
731 3700 906 3777 Gallicos
926 3728 1006 3774 cum
1021 3704 1104 3773 liliis
1206 3768 1216 3787 ‚

1156 3794 1218 3863 qur
1239 3782 1273 3839 et
1292 3769 1435 3857 iugenio
1457 3794 1514 3837 me
1535 3770 1737 3863 multosque
1755 3770 1843 3839 alius
1858 3793 2025 3860 superas,
2050 3783 2083 3838 et
2109 3768 2139 3835 in

1155 3868 1383 3941 Aristocratia
1399 3870 1689 3964 tranquillissime
1705 3871 1815 3954 vivis,
1839 3872 1902 3939 ubi
1923 3869 2064 3939 etiamsi
2077 3871 2142 3938 lur-

1155 3972 1255 4044 tassis
1269 3974 1420 4065 quadam
1435 3972 1614 4041 communi
1624 3969 1838 4041 Germaniae
1851 3971 2061 4057 rusticitate,
2083 3994 2141 4040 no-

1155 4088 1246 4144 strae
1274 4072 1397 4143 literae
1423 4072 1543 4143 minus
1563 4085 1646 4143 suut
1667 4072 1707 4142 in
1729 4068 1865 4142 honore
1887 4096 1995 4165 quam
2019 4072 2143 4155 decuit,

1155 4189 1273 4246 tamen
1295 4174 1363 4244 alia
1387 4176 1571 4244 commoda
1596 4173 1708 4245 multa
1734 4184 1835 4255 sunt,
1871 4197 1964 4265 quac
1985 4197 2055 4244 nos
2074 4196 2141 4243 uun

1156 4269 1338 4349 babemus.
1385 4273 1468 4345 Non
1485 4287 1649 4367 premunt
1663 4297 1727 4344 ros
1742 4270 1890 4345 Aulicae
1908 4270 2144 4369 Tyrannides,

1156 4400 1231 4446 non
1269 4376 1468 4467 impediunt
1491 4376 1736 4467 disciplinam,
1773 4399 1849 4444 non
1876 4375 2011 4446 fallunt
2041 4390 2144 4469 pasta,

111 3810 251 3878 ‹brobus
272 3808 311 3877 in
332 3807 454 3876 castris
479 3820 548 3893 est,
579 3832 668 3901 quae
693 3831 789 3878 nune
812 3810 850 3876 iu
870 3805 1009 3877 Nerviis
1030 3829 1103 3875 essu

110 3912 291 3984 dicuntur.
322 3902 519 3977 Brobnnts'
532 3905 647 3981 adhuc
664 3922 788 3979 tenent
801 3909 973 4001 oppidum
981 3903 1105 3976 Hens-

112 4010 199 4106 berg
216 4004 271 4108 *),
314 4011 358 4079 ad
380 4012 474 4104 quod
499 4034 580 4079 cum
601 4012 800 4081 accessisset
823 4011 913 4080 alius
932 4008 1103 4078 exercitus

110 4113 365 4195 llrobanticus‚
390 4111 507 4182 statim
532 4124 714 4182 revocatus
737 4125 809 4192 est,
840 4123 882 4181 ut
906 4108 1021 4181 Gallis
1043 4135 1104 4180 oc-

112 4230 241 4289 currat.
293 4210 407 4283 Aiunt
427 4226 462 4283 et
476 4206 675 4301 Anglorum
698 4212 816 4304 copias
840 4212 961 4301 vagari
984 4212 1021 4279 in
1044 4235 1103 4281 ex-

110 4330 223 4388 trema
250 4340 313 4387 ora
335 4315 436 4403 regni
460 4310 605 4385 Gallici.
662 4310 759 4384 Haec
787 4312 857 4382 iarn
888 4312 1102 4394 serebantur,¹

111 4443 177 4490 uec
209 4418 336 4488 dubito
368 4418 497 4485 famam
531 4414 704 4484 atrociora
737 4414 986 4483 nunciaturam
1020 4436 1103 4497 esse,
1569 4479 1578 4495 ‚
1746 4476 1757 4495 ι
2036 4478 2046 4497 ·
2077 4478 2087 4495 Ι

111 4522 319 4614 priusquam
337 4513 404 4586 hae
418 4517 541 4587 literae
558 4518 600 4585 ad
619 4530 653 4585 te
669 4516 885 4607 perveniant.
936 4511 1105 4585 Arbitror
1156 4478 1399 4649 ffisestffllfffi’g
1411 4474 2146 4673 ωῧῶἱιέθῑὲἓῖἑῐεῖθᾚέἳωῗίἶῗέωῃὲἲξ

115 4636 254 4706 atatem,
279 4634 333 4703 te,
359 4633 398 4690 nt
417 4619 505 4688 alios
520 4620 635 4689 bonos
651 4616 758 4687 Viros
779 4616 912 4709 ubique
929 4628 1103 4687 terrarum
1157 4681 1266 4772 igitur
1281 4682 1453 4775 quaedam
1468 4682 1546 4750 istic
1561 4680 1760 4765 desideras,
1783 4693 1824 4751 u,
1839 4680 1881 4749 in
1903 4680 2069 4771 proxima
2089 4694 2144 4751 m,

112 4816 341 4836 -—-·-·
1158 4782 1304 4875 epistola
1338 4782 1527 4873 significas:
1562 4794 1682 4851 tamen
1714 4793 1748 4853 te
1779 4776 1974 4870 adhortor,
2014 4794 2056 4854 ut
2081 4776 2144 4853 bor

153 4936 179 5001 l)
196 4932 277 4987 lluuc
288 4930 369 4985 etism
383 4926 516 4983 botherus
528 4924 659 4979 Forstero
673 4922 847 4979 commendat
863 4924 891 4978 d.
903 4920 1028 4978 27.Nov.
1039 4922 1068 4978 b.
1078 4942 1104 4977 s.

150 5020 180 5087 2>
201 5029 242 5073 est
259 5018 373 5073 verbum
390 5009 555 5083 compendio
578 5008 727 5080 scripturn,
757 5009 832 5133 quod
852 5008 919 5079 quid
937 5006 974 5061 sit
992 5010 1105 5064 definire

187 5106 243 5141 nou
259 5104 381 5159 possum.
415 5082 556 5135 Fortasses
573 5080 718 5151 respondi,
735 5097 768 5131 ve
794 5078 935 5143 rescrebat

152 5173 182 5241 ¹⁸¹)
198 5170 331 5226 lleinsber
370 5165 399 5219 iu
417 5164 526 5219 Duestu
545 5160 697 5217 lubecensi.
737 5158 871 5233 loquitur
889 5159 972 5228 igitur
991 5159 1104 5230 epistola
1191 5142 1519 5215 *lffill‘fflb'lfflmw
1533 5137 1740 5211 ¹5⁴²·l'l’fll’llo
1750 5139 1905 5195 ‘summm
1918 5137 1949 5195 lfl
1961 5138 2098 5196 Sllsslffl·

185 5240 219 5293 tle
232 5237 331 5293 bellos
352 5252 442 5289 rerem
454 5234 563 5288 Ducem
577 5230 766 5293 lulieceusern,
783 5230 856 5301 quod
873 5246 947 5281 anuo
961 5229 1037 5283 1542.
1051 5231 1104 5284 dur
1191 5224 1243 5290 **)
1264 5224 1369 5279 llellum
1385 5224 1456 5277 iuter
1471 5222 1613 5277 Caesarem
1626 5232 1652 5277 et
1664 5221 1768 5295 Regem
1782 5222 1904 5289 Gallias,
1922 5242 1990 5279 cures
2009 5241 2067 5298 qun
2077 5241 2145 5281 cos-

187 5306 280 5361 Caroli
296 5304 468 5377 lmperstoris
487 5319 552 5356 sum
573 5298 661 5371 copiis
681 5316 714 5353 ex
726 5297 872 5354 Drsbautie
890 5296 995 5353 eductis
1011 5300 1102 5371 gessit.
1227 5295 1335 5349 iunctus
1355 5302 1411 5345 erat
1423 5293 1483 5373 Dur
1497 5291 1668 5355 lubecensis,
1692 5285 1823 5345 erarsera't
1847 5292 1949 5347 iterum
1966 5312 2061 5351 mense
2075 5293 2145 5349 lisia

185 5376 313 5430 fortasse
325 5391 420 5429 meuse
431 5370 501 5427 Nor.
516 5368 593 5425 1542.
604 5365 705 5442 scripta
716 5376 766 5426 est.
1228 5364 1305 5419 rste.
1341 5360 1404 5415 Vid.
1419 5361 1537 5417 Sterdsn.
1553 5371 1702 5415 comment.
1717 5379 1743 5433 p.
1754 5360 1808 5419 407
1820 5378 1879 5435 sqq.
1897 5380 1928 5435 p.
1940 5362 2007 5419 llo.
