4522 5752
87 196 164 275 aaa
559 154 568 165 ’
652 192 1086 295 urtsroonuuu
1136 194 1377 275 emunt
1430 198 1562 277 ιω.
2050 208 2124 281 ooo

87 395 161 443 nen
176 372 246 443 suit
260 372 344 443 inde
358 395 470 466 amare
485 371 530 443 ab
545 370 649 441 initio
664 372 803 455 mundi,
829 372 972 442 necerit
985 382 1084 462 post·
1134 368 1202 440 etsi
1226 353 1362 465 ¹fue'riut
1384 371 1583 458 luctuosae,
1626 386 1745 447 umen
1770 378 1802 447 si
1826 379 2053 450 conserantur
2079 382 2124 451 ad

87 498 139 543 ea.
185 471 265 544 Etsi
290 476 385 544 enim
406 499 544 565 semper
566 470 725 543 Ecclesia
749 497 823 543 non
847 473 987 545 levibus
1007 496 1084 541 cer·
1133 468 1357 541 pontificiam
1377 468 1650 565 atdwtopertav
1675 478 1901 549 coniunctam
1916 504 1997 551 cum
2013 483 2127 550 saevi-

86 574 283 647 taminibus
307 590 342 647 et
362 575 549 646 aerumnis
565 587 764 657 exercetur,
802 589 921 646 tamen
951 575 989 641 in
1016 568 1082 644 hac
1134 572 1201 658 tia,
1226 574 1272 643 ad
1292 573 1527 646 fanaticorum
1547 576 1693 664 deliria,
1716 581 1762 650 ad
1778 577 2040 673 Epicureorum
2059 581 2126 674 βε-

87 691 264 770 postrema
287 691 397 749 aetate
421 676 609 746 durissime
635 690 831 771 quassatur.
889 674 1081 769 Nunquam
1130 666 1336 781 flqldrqcu,
1367 676 1467 747 cuius
1490 679 1692 767 contagium
1712 681 1783 754 late
1802 697 1951 772 vagatur
1969 698 2004 755 et
2024 684 2124 754 relli,

87 792 140 849 tot
153 803 195 849 ac
212 793 284 849 tam
303 802 404 849 saeva
415 802 544 868 genera
559 778 795 865 calamitatum
813 790 1081 850 concurrerunt.
1132 776 1272 863 giouem
1289 777 1428 863 obruit,
1451 778 1604 873 denique
1618 780 1662 850 ad
1676 781 1876 854 barbariem
1899 798 1934 856 et
1955 784 2124 857 immani-

87 876 215 951 Multis
231 880 357 951 seculis
370 904 481 973 paene
497 903 642 973 prorsus
658 881 808 951 extincta
816 876 1004 969 Evangelii
1022 879 1081 948 lu-
1130 890 1237 947 tatem
1252 876 1461 960 Turricam,
1488 895 1620 973 quanto
1642 883 1802 971 graviora
1825 885 1897 957 siut
1916 881 2002 957 haec
2018 888 2124 970 mala,

87 1006 146 1067 ce,
173 1004 320 1071 magnae
336 983 375 1052 in
390 979 548 1053 Ecclesia
564 983 729 1053 tenebrae
743 982 909 1066 luerunt,
934 995 968 1050 et
983 1002 1080 1069 gras·
1129 979 1232 1049 facile
1255 979 1406 1049 iudicari
1430 994 1555 1072 potest.
1612 980 1710 1055 Haec
1734 1009 1777 1056 eo
1802 1011 2060 1076 commemoro,
2082 1004 2123 1061 ut

87 1097 181 1154 satae
196 1092 281 1153 siant
294 1108 369 1153 non
387 1085 483 1153 leves
494 1079 770 1177 eldwlopurlac.
819 1080 893 1151 llas
910 1084 1080 1151 dolende·
1129 1081 1192 1171 pii,
1208 1078 1386 1151 Ecclesiae
1403 1104 1590 1154 aerumnas
1613 1086 1733 1157 animo
1751 1102 1970 1180 reputantes,
1997 1114 2123 1162 accen-

87 1199 171 1256 runt
184 1184 385 1269 Pontifices,
407 1183 590 1276 Episcopi,
616 1199 787 1255 eteorum
807 1184 983 1267 satellites,
1005 1208 1079 1252 non
1130 1184 1265 1253 dautur
1284 1182 1330 1253 ad
1347 1186 1539 1273 petendum
1554 1210 1575 1255 a
1589 1186 1678 1257 duce
1692 1184 1836 1262 Christo
1852 1192 2035 1277 sterilium,
2057 1194 2120 1286 qui

87 1288 206 1365 aliter,
233 1312 338 1379 quam
358 1285 437 1358 Rex
449 1284 671 1381 Babylonius
690 1310 773 1357 sarae
795 1298 929 1356 statuae
949 1288 1079 1354 adora·
1128 1278 1335 1354 nunchaud
1353 1285 1462 1355 dubie
1478 1286 1691 1359 mirabiliter
1704 1314 1784 1361 cum
1801 1292 1988 1363 diabolicis
2007 1294 2121 1382 agmi-

87 1388 220 1459 tionem
236 1390 413 1462 tuebatur.
463 1387 645 1459 Saevitum
664 1402 715 1457 est
740 1388 776 1455 iu
795 1388 954 1457 membra
970 1382 1078 1457 Chri-
1128 1386 1235 1455 nibus
1256 1385 1493 1457 rabiosissime
1521 1388 1721 1461 furentibus
1745 1392 1901 1469 dimicat.
1955 1392 2027 1466 Sed
2053 1419 2121 1466 nos

87 1491 147 1575 cti,
171 1491 213 1559 in
236 1485 399 1559 homines
419 1488 498 1582 pios
518 1490 581 1582 qui
600 1503 763 1560 taxarunt
777 1511 926 1562 errores.
977 1487 1079 1559 Sicut
1128 1501 1230 1559 vocat
1256 1488 1301 1557 ad
1331 1489 1480 1557 eandem
1504 1491 1689 1577 militiam,
1724 1508 1838 1566 armat
1864 1518 1950 1577 nos,
1983 1509 2019 1566 et
2041 1497 2120 1568 vult

87 1589 357 1685 inquitDauiel,
382 1591 506 1661 doctos
520 1592 678 1673 ruituros
695 1611 768 1661 esse
783 1588 986 1659 interlectos
1002 1590 1078 1678 gla-
1127 1602 1217 1658 stare
1238 1588 1450 1675 instructos,
1483 1603 1524 1660 ut
1544 1616 1608 1663 suo
1631 1593 1782 1687 quisque
1809 1596 1888 1667 loco
1915 1596 2119 1689 praelietur,

87 1694 163 1777 dio,
182 1692 355 1773 flammis,
379 1691 507 1764 etaliis
522 1691 638 1763 modis
652 1691 876 1764 excruciatos.
922 1689 1079 1761 Accessit
1127 1689 1205 1761 vult
1225 1690 1303 1781 pios
1325 1689 1488 1761 doctores
1511 1695 1665 1765 retinere
1687 1696 1869 1767 doctrinae
1883 1694 2119 1788 Evangelicae

87 1796 125 1865 ad
144 1789 213 1864 hoc
229 1794 362 1863 malum
378 1794 493 1864 rabies
502 1792 663 1877 Turcica,
688 1817 777 1886 quae
795 1795 834 1862 in
849 1788 946 1878 Asia,
963 1792 1077 1862 Grae-
1127 1791 1332 1883 puritatem,
1354 1792 1434 1863 vult
1447 1793 1561 1864 bonos
1574 1797 1826 1885 gubernatores
1845 1800 2012 1871 adiuvare
2034 1826 2119 1893 pru·

87 1898 155 1982 ria,
189 1891 350 1991 Illyrico,
384 1890 559 1980 Thracia,
589 1910 626 1967 et
650 1892 826 1965 Ecclesias
857 1895 1003 1979 delevit,
1040 1906 1076 1963 et
1127 1892 1347 1984 pagatiouem
1368 1918 1473 1964 verae
1495 1908 1529 1965 et
1550 1898 1715 1970 salutaris
1728 1900 1927 1982 doctrinae,
1952 1917 1987 1974 et
2001 1903 2119 1974 delere

87 2012 220 2069 exercet
242 1998 487 2068 crudelitatem
517 2012 685 2090 quantam
707 1996 807 2067 nulla
830 1995 985 2065 exercuit
1008 2020 1076 2064 ιιιι-
1125 1995 1221 2065 idola
1247 2007 1281 2065 et
1306 1996 1542 2066 fanaticorum
1564 1997 1708 2086 deliria,
1733 2001 1810 2073 vult
1832 2002 1910 2095 pios
1927 2004 2116 2074 bellatores

87 2124 189 2193 quam
215 2095 433 2172 monarchia.
484 2095 651 2183 lnterim,
681 2113 716 2169 et
738 2098 929 2169 seditiones
951 2099 1075 2166 dome·
1126 2097 1313 2165 defendere
1337 2093 1531 2184 Ecclesiae,
1556 2100 1717 2191 polinas,
1743 2103 1852 2193 leges,
1878 2106 2116 2195 disciplinam,

87 2201 191 2273 eticae
206 2195 404 2270 haeresium
424 2200 552 2291 passim
568 2201 802 2271 tumultuatae
816 2212 910 2268 sum.
949 2197 1003 2267 Ac
1018 2222 1075 2267 re.-
1126 2199 1293 2267 adversus
1312 2196 1504 2270 'l'urcicum
1527 2201 1697 2272 statorem.
1746 2202 1816 2275 Sed
1839 2219 1881 2275 ut
1905 2221 1957 2276 est
1974 2207 2115 2277 infirma
2156 2240 2165 2251 ⁴

87 2326 166 2373 :ens
196 2315 383 2394 postquam
408 2299 506 2373 Deus
533 2302 690 2393 aliquam
717 2299 904 2391 Evangelii
936 2301 1075 2370 scintil-
1125 2313 1159 2369 et
1175 2298 1343 2390 dissipata
1365 2324 1447 2371 vera
1462 2297 1638 2387 Ecclesia,
1664 2304 1712 2375 ita
1735 2306 1888 2394 segniter
1911 2309 2117 2399 praeliatur,

87 2408 154 2475 lam
171 2404 304 2474 uostris
317 2399 485 2473 Ecclesiis
501 2402 676 2488 reddidit,
701 2403 801 2496 quasi
819 2401 982 2474 omniurn
998 2422 1076 2471 cer·
1124 2400 1237 2470 multo
1260 2400 1381 2492 plures
1401 2415 1503 2485 suut,
1538 2404 1601 2497 qui
1623 2406 1822 2497 impediunt
1845 2408 2023 2479 bonerum
2052 2434 2117 2480 vo-

87 2505 258 2575 amiuurn
289 2529 386 2575 nurrc
412 2505 458 2575 sit
484 2504 642 2596 epitasis,
682 2504 791 2592 magis
819 2503 948 2575 exarsit
972 2503 1074 2573 furor
1123 2504 1288 2576 luntates.
1336 2499 1411 2573 Diu
1425 2500 1614 2575 Pontifices
1634 2508 1752 2577 conati
1767 2521 1850 2583 sunt
1864 2508 1904 2579 itt
1921 2508 2116 2581 Germania

87 2606 236 2676 lliaholi.
260 2605 448 2675 Pontifices
460 2606 660 2676 saevierunt
677 2605 840 2690 atrocius,
866 2604 978 2675 Turci
992 2604 1073 2673 lon·
1124 2602 1229 2674 civile
1254 2603 1388 2675 bellurn
1415 2608 1622 2691 accendere,
1658 2621 1777 2680 extant
1804 2611 1901 2681 enim
1926 2613 2049 2684 literae
2075 2610 2115 2680 in

87 2709 159 2797 gius
173 2708 366 2799 progressi,
391 2708 680 2778 florentissimum
702 2730 852 2796 regnum
864 2703 1072 2775 Parauoniae
1124 2729 1199 2775 eam
1221 2706 1431 2775 seutentiam
1455 2709 1500 2776 ad
1534 2709 1708 2801 quosdam
1738 2712 1919 2805 principes
1952 2714 2113 2806 scriptae.

87 2822 274 2901 recuperat,
308 2824 344 2879 et
365 2809 435 2879 iarn
456 2810 494 2878 in
515 2810 690 2879 vestibulo
712 2808 835 2878 ltaliae
859 2831 899 2877 ac
922 2806 1072 2877 Germa-
1123 2805 1195 2877 Sed
1208 2804 1404 2899 Imperator
1418 2794 1581 2879 Carolus
1594 2810 1692 2903 parci
1709 2814 1824 2884 voluit
1842 2815 1995 2908 patriae,
2022 2828 2056 2885 et
2073 2830 2114 2886 ut

87 2914 162 2983 uiae
188 2911 473 2981 crudelissimum
498 2910 726 2980 latrocinium
752 2922 926 2979 exercent.
984 2907 1073 2979 Pas-
1122 2902 1368 2978 Ecclesiastico
1403 2933 1502 2978 more
1542 2912 1823 2985 diiudicarentur
1854 2916 2114 2987 controversiae

87 3014 147 3083 sim
172 3036 255 3081 vero
278 3013 316 3081 in
329 3010 474 3104 Europa
499 3013 611 3082 crevit
631 3008 809 3103 Epicurea
831 3010 957 3097 factio,
981 3034 1072 3103 quae
1123 3010 1349 3105 dogm-atum,¹
1371 2998 1473 3103 iussit
1487 3012 1566 3103 cogi
1577 3016 1754 3107 synodos,
1774 3019 1837 3094 sed
1849 3016 2037 3089 Pontifices
2057 3018 2113 3088 vi·

87 3114 261 3204 singulare
272 3137 382 3202 genus
396 3113 587 3206 sapientiae
600 3137 674 3183 esse
689 3112 801 3199 ducit,
825 3112 943 3191 ridere
954 3106 1071 3183 Deum
1123 3112 1219 3196 dent,
1237 3110 1268 3179 si
1283 3110 1352 3203 piis
1367 3122 1401 3180 et
1416 3112 1529 3183 doctis
1545 3116 1740 3186 concedant
1753 3116 1952 3190 libertatem
1965 3133 2111 3191 senten-

87 3230 112 3287 vt
126 3214 289 3286 divinam
299 3214 513 3293 doctrinam.
552 3208 1071 3305 Emetisuutalicubiettlna·
1120 3211 1191 3284 tiae
1205 3210 1399 3298 dicendae,
1434 3235 1583 3304 regnum
1609 3230 1645 3288 et
1667 3240 1752 3309 opes
1772 3218 1895 3289 venire
1925 3220 1964 3289 in
1985 3206 2112 3293 discri-

87 3318 270 3411 raptistae,
309 3340 384 3385 non
422 3316 575 3386 multum
616 3317 803 3411 dissimiles
837 3309 1071 3412 Manichaeis,
1120 3304 1438 3415 mcirT‘Teatavit
1458 3312 1889 3425 igitur,lruperq'tor3alias
1911 3322 1986 3391 vias
2006 3321 2111 3393 dissi-

87 3417 211 3493 rlicubi
234 3406 269 3489 et
283 3415 445 3501 Sirenes,
470 3441 559 3511 quae
579 3416 718 3509 fingunt
738 3416 850 3489 bellas
865 3417 1072 3507 dogmatum
1121 3414 1180 3485 dia
1197 3404 1603 3521 componendi,'qura'ih
1621 3422 1660 3489 re'
1672 3402 1852 3491 laudanda
1873 3435 1924 3494 est
1938 3423 2014 3495 eius
2031 3448 2113 3495 mo·

87 3518 307 3613 mrruptelas.
356 3512 479 3588 lnhis
504 3519 610 3590 tantis
630 3520 735 3591 malis
759 3517 914 3607 cogitent
932 3515 1072 3609 pii'Le-
1122 3515 1278 3609 deratio,
1302 3516 1458 3617 etu'quod
1481 3517 1519 3615 cl
1534 3516 1599 3603 'lia
1619 3518 1714 3615 bella
1736 3518 1923 3615 prohihet,
1955 3539 1991 3597 et
2015 3528 2113 3619 quod

87 3636 211 3707 aures,
236 3620 352 3712 qualis
367 3620 411 3690 sit
424 3618 541 3709 imago
553 3644 661 3695 ‚verae
673 3616 863 3705 Ecclesiae,
888 3643 982 3713 quae
990 3642 1070 3709 pas-
1121 3612 1394 3690 deliberationes
1425 3614 1649 3693 eruditorum
1681 3622 1727 3695 de
1755 3622 1917 3697 doctrina
1947 3627 2114 3712 instituit,

87 3726 145 3795 sim
160 3744 280 3813 sparsa
295 3722 498 3792 circumfert
512 3719 765 3812 Evangelium,
791 3721 947 3813 agnoscit
962 3715 1071 3793 Chri·
1121 3742 1228 3812 quae,
1253 3720 1319 3791 etsi
1341 3719 1445 3795 initia
1467 3721 1626 3795 difficilia
1647 3736 1750 3812 stant,
1774 3739 1894 3798 umen
1908 3728 2044 3801 aditum
2057 3731 2114 3801 fa-

87 3842 173 3897 uum
188 3822 302 3906 filium
316 3820 406 3904 Dei,
431 3837 466 3893 et
487 3846 567 3893 vere
580 3820 697 3895 Deum
712 3824 864 3898 invocat.
895 3818 997 3893 Hanc
1014 3820 1069 3888 di-
1120 3821 1219 3893 ciunt
1234 3822 1278 3891 ad
1295 3814 1846 3904 emendationemEccleslarum.
1894 3826 2113 3925 ltaquegra-

91 3938 235 3997 acerant
268 3919 353 3994 hinc
395 3922 605 4019 Pontifices,
650 3923 839 4019 Episcopi,
888 3916 1070 4008 Monachi,
1120 3921 1206 3991 tiarn
1222 3922 1256 3992 ei
1273 3936 1417 4014 propter
1439 3916 1532 3997 hauc
1556 3928 1836 4019 moderationem
1863 3930 2053 4018 dehemus,
2078 3947 2113 4003 et

87 4024 350 4117 luahaptistae,
375 4020 560 4118 Epicurei,
586 4024 685 4095 illinc
706 4025 836 4112 Tucci,
868 4037 920 4110 et,
952 4039 991 4097 ut
1015 4022 1068 4093 le-
1118 4019 1215 4092 Deus
1238 4025 1396 4095 orandus
1417 4038 1488 4107 est,
1510 4041 1560 4097 *ut
1583 4026 1658 4097 e'ius
1683 4026 1901 4101 voluntatem
1927 4035 2113 4123 gubernet.

87 4130 207 4201 remiba
220 4127 288 4212 ait,
312 4127 480 4217 expandit
493 4126 581 4197 Sion
598 4149 834 4211 manasseas,
859 4126 1068 4218 necestqni
1118 4122 1306 4200 Caeterrnu
1324 4126 1457 4217 quihus
1482 4128 1641 4197 consiliis
1659 4130 1842 4203 institutae
1863 4133 1934 4203 sint
1951 4136 2110 4225 disputa·
2151 4202 2158 4211 .

87 4229 304 4309 musoletnr.¹
327 4223 381 4297 Ac
397 4252 478 4298 vere
493 4228 573 4297 talis
587 4242 637 4299 est
654 4224 830 4299 Ecclesiae
844 4239 966 4312 status,
980 4251 1069 4320 qua-
1119 4225 1233 4295 dones
1252 4224 1550 4313 Ratishdneuses,
1575 4231 1654 4321 quis
1669 4231 1717 4303 sit
1729 4246 1832 4303 autor
1847 4234 1933 4305 libri
1947 4238 2009 4329 qui
2026 4260 2109 4326 pro·
2225 4228 2228 4233 ’

87 4358 146 4402 em
160 4329 329 4401 describit
343 4325 482 4398 Esaias:
510 4327 587 4398 Nisi
596 4328 771 4401 Dominus
785 4326 986 4423 reliquisset
1001 4352 1069 4397 no-
1119 4326 1253 4417 positus
1277 4340 1348 4412 est,
1387 4340 1428 4397 ut
1450 4327 1544 4397 viram
1568 4344 1779 4404 monstraret
1802 4336 1847 4404 ad
1873 4338 2111 4423 concordiam,

87 4434 132 4507 ais
159 4453 299 4511 semen,
332 4429 424 4501 sicut
450 4428 607 4513 Sodoma
641 4444 676 4500 et
698 4427 878 4501 Gomorra
903 4450 1067 4504 essemus.
1117 4451 1181 4515 ego
1204 4452 1280 4499 non
1298 4428 1405 4521 plane
1428 4428 1512 4498 scio.
1565 4429 1795 4505 Voluntatem
1816 4436 1924 4507 ctiam
1946 4439 2108 4511 existimo

87 4535 168 4608 lum
200 4532 310 4623 igitur
343 4546 539 4620 postremae
563 4530 735 4625 reliquiae
762 4554 867 4601 verae
889 4525 1067 4611 Ecclesiae
1116 4529 1320 4623 aliquorum
1343 4552 1421 4599 non
1442 4552 1517 4600 esse
1541 4530 1824 4624 vituperandam.
1880 4534 1929 4609 Et
1953 4535 2020 4611 hoc
2040 4566 2110 4611 no-

88 4660 146 4707 am
160 4634 256 4707 varie
271 4646 542 4723 oppugnantur,
566 4647 747 4725 utcunque
768 4631 922 4722 intelligi
944 4647 1068 4724 potest,
1117 4632 1213 4700 mine
1230 4631 1432 4701 laudatulus
1453 4630 1716 4725 e'st'luiperator
1739 4636 1835 4729 ipse',
1868 4644 1965 4735 quod
1989 4643 2038 4714 ita
2060 4644 2109 4713 li-

87 4734 281 4809 :urdixerit
293 4726 474 4818 Christus,
497 4736 654 4805 staturam
669 4734 928 4819 adflictionem,
952 4734 1067 4827 qualis
1115 4733 1222 4802 hrum
1244 4727 1423 4817 exhibuit,
1459 4747 1500 4803 ut
1525 4734 1667 4806 iusserit
1690 4738 1923 4821 collocutores
1954 4746 2108 4816 delectos

87 4834 442 4928 uallaunquamlnit.
480 4831 656 4928 Equidem
674 4830 880 4907 cohorresro
897 4848 1065 4903 totocnr·
1116 4833 1317 4903 carradideet
1336 4832 1447 4902 libere
1467 4836 1511 4904 de
1532 4835 1681 4926 siugulis
1698 4839 1787 4929 lucis
1809 4846 2003 4916 sententias
2024 4870 2107 4923 saras

87 4966 177 5025 tore,
202 4960 283 5006 cum
302 4936 415 5025 cogito
438 4960 595 5007 eversam
613 4960 633 5007 a
649 4935 747 5029 Rege
760 4934 980 5030 Babylonica
1002 4960 1066 5005 ur·
1114 4937 1242 5006 dicere.
1292 4932 1412 5023 Quare
1434 4958 1501 5004 nos
1520 4936 1565 5006 de
1585 4937 1673 5009 locis
1685 4941 1822 5035 aliquot
1837 4944 2108 5036 disputavimus,

87 5066 154 5113 rem
177 5037 450 5135 lerosolymam,
481 5039 574 5108 circs
593 5039 721 5130 partim
744 5037 957 5122 trucidatos,
981 5058 1065 5127 par-
1113 5049 1153 5108 ut
1172 5061 1214 5107 ex
1235 5035 1393 5125 articulis
1418 5037 1552 5107 nostris
1582 5055 1616 5109 et
1640 5040 1738 5128 aliis,
1771 5067 1862 5138 quae
1888 5040 1948 5117 hic
1971 5049 2106 5120 adiecta

87 5146 136 5215 im
152 5141 340 5224 abductos3
364 5138 495 5209 deinde
508 5154 586 5232 post
599 5141 764 5224 reditum,
790 5137 972 5211 saevitiam
984 5138 1063 5209 An·
1111 5150 1214 5219 sunt,
1236 5136 1390 5229 intelligi
1407 5139 1548 5230 poterit.
1583 5136 1657 5211 Nec
1670 5168 1754 5214 vero
1770 5145 1895 5232 ignoro
1913 5142 1999 5218 haec
2015 5163 2106 5221 tem-

87 5240 184 5316 iochi
205 5255 242 5313 et
261 5238 435 5325 Herodis;
473 5256 651 5331 postremo
674 5242 780 5311 etiam
804 5235 1060 5331 Apostolorum
1100 5263 1216 5330 pora,
1248 5262 1329 5311 cum
1350 5252 1523 5329 vagantur
1546 5241 1584 5311 iu
1609 5242 1901 5318 viciniaTurcici
1924 5252 2107 5338 exercitus,

88 5344 328 5440 thlartyrum
349 5364 548 5418 aerumnas.
607 5340 684 5415 ttae
706 5344 905 5435 tragoedIae
925 5365 1060 5429 omnes,
1082 5384 1085 5391 ι
1110 5342 1171 5435 qul
1195 5338 1409 5413 Germaniae
1442 5342 1643 5415 vastitatem
1668 5359 1705 5418 et
1736 5348 1882 5419 exitium
1911 5352 2108 5441 minantur,
